%YAML 1.1
%TAG !u! tag:unity3d.com,2011:
--- !u!1 &996339924042741499
GameObject:
  m_ObjectHideFlags: 0
  m_CorrespondingSourceObject: {fileID: 0}
  m_PrefabInstance: {fileID: 0}
  m_PrefabAsset: {fileID: 0}
  serializedVersion: 6
  m_Component:
  - component: {fileID: 996339924042741476}
  - component: {fileID: 1101832826101347622}
  m_Layer: 0
  m_Name: Wave2
  m_TagString: Untagged
  m_Icon: {fileID: 0}
  m_NavMeshLayer: 0
  m_StaticEditorFlags: 0
  m_IsActive: 1
--- !u!4 &996339924042741476
Transform:
  m_ObjectHideFlags: 0
  m_CorrespondingSourceObject: {fileID: 0}
  m_PrefabInstance: {fileID: 0}
  m_PrefabAsset: {fileID: 0}
  m_GameObject: {fileID: 996339924042741499}
  m_LocalRotation: {x: 0, y: 0, z: 0, w: 1}
  m_LocalPosition: {x: 0, y: 0, z: 0}
  m_LocalScale: {x: 1, y: 1, z: 1}
  m_Children:
  - {fileID: 8248447075711121753}
  - {fileID: 8248447075549658421}
  - {fileID: 8248447076412720580}
  - {fileID: 8248447075130055405}
  - {fileID: 8248447075556240213}
  - {fileID: 8248447075547379805}
  - {fileID: 8248447076572866524}
  - {fileID: 8248447074559172018}
  - {fileID: 8248447074860293255}
  - {fileID: 8248447076464524473}
  m_Father: {fileID: 0}
  m_RootOrder: 0
  m_LocalEulerAnglesHint: {x: 0, y: 0, z: 0}
--- !u!114 &1101832826101347622
MonoBehaviour:
  m_ObjectHideFlags: 0
  m_CorrespondingSourceObject: {fileID: 0}
  m_PrefabInstance: {fileID: 0}
  m_PrefabAsset: {fileID: 0}
  m_GameObject: {fileID: 996339924042741499}
  m_Enabled: 1
  m_EditorHideFlags: 0
  m_Script: {fileID: 11500000, guid: 83976063d55421b48a32a7279980517b, type: 3}
  m_Name: 
  m_EditorClassIdentifier: 
--- !u!1001 &996339922727722790
PrefabInstance:
  m_ObjectHideFlags: 0
  serializedVersion: 2
  m_Modification:
    m_TransformParent: {fileID: 996339924042741476}
    m_Modifications:
    - target: {fileID: 9199705083460993675, guid: 670e37c93c6c11c4881bc1d679da4bc7,
        type: 3}
      propertyPath: m_Name
      value: Enemy_01(Easy) (7)
      objectReference: {fileID: 0}
    - target: {fileID: 9199705083460993684, guid: 670e37c93c6c11c4881bc1d679da4bc7,
        type: 3}
      propertyPath: m_LocalPosition.x
      value: 80
      objectReference: {fileID: 0}
    - target: {fileID: 9199705083460993684, guid: 670e37c93c6c11c4881bc1d679da4bc7,
        type: 3}
      propertyPath: m_LocalPosition.y
      value: 3
      objectReference: {fileID: 0}
    - target: {fileID: 9199705083460993684, guid: 670e37c93c6c11c4881bc1d679da4bc7,
        type: 3}
      propertyPath: m_LocalPosition.z
      value: 10
      objectReference: {fileID: 0}
    - target: {fileID: 9199705083460993684, guid: 670e37c93c6c11c4881bc1d679da4bc7,
        type: 3}
      propertyPath: m_LocalRotation.x
      value: 0
      objectReference: {fileID: 0}
    - target: {fileID: 9199705083460993684, guid: 670e37c93c6c11c4881bc1d679da4bc7,
        type: 3}
      propertyPath: m_LocalRotation.y
      value: 0
      objectReference: {fileID: 0}
    - target: {fileID: 9199705083460993684, guid: 670e37c93c6c11c4881bc1d679da4bc7,
        type: 3}
      propertyPath: m_LocalRotation.z
      value: 0
      objectReference: {fileID: 0}
    - target: {fileID: 9199705083460993684, guid: 670e37c93c6c11c4881bc1d679da4bc7,
        type: 3}
      propertyPath: m_LocalRotation.w
      value: 1
      objectReference: {fileID: 0}
    - target: {fileID: 9199705083460993684, guid: 670e37c93c6c11c4881bc1d679da4bc7,
        type: 3}
      propertyPath: m_RootOrder
      value: 7
      objectReference: {fileID: 0}
    - target: {fileID: 9199705083460993684, guid: 670e37c93c6c11c4881bc1d679da4bc7,
        type: 3}
      propertyPath: m_LocalEulerAnglesHint.x
      value: 0
      objectReference: {fileID: 0}
    - target: {fileID: 9199705083460993684, guid: 670e37c93c6c11c4881bc1d679da4bc7,
        type: 3}
      propertyPath: m_LocalEulerAnglesHint.y
      value: 0
      objectReference: {fileID: 0}
    - target: {fileID: 9199705083460993684, guid: 670e37c93c6c11c4881bc1d679da4bc7,
        type: 3}
      propertyPath: m_LocalEulerAnglesHint.z
      value: 0
      objectReference: {fileID: 0}
    - target: {fileID: 9199705083460993685, guid: 670e37c93c6c11c4881bc1d679da4bc7,
        type: 3}
      propertyPath: findDistance
      value: 800
      objectReference: {fileID: 0}
    m_RemovedComponents: []
  m_SourcePrefab: {fileID: 100100000, guid: 670e37c93c6c11c4881bc1d679da4bc7, type: 3}
--- !u!4 &8248447074559172018 stripped
Transform:
  m_CorrespondingSourceObject: {fileID: 9199705083460993684, guid: 670e37c93c6c11c4881bc1d679da4bc7,
    type: 3}
  m_PrefabInstance: {fileID: 996339922727722790}
  m_PrefabAsset: {fileID: 0}
--- !u!1001 &996339923095395859
PrefabInstance:
  m_ObjectHideFlags: 0
  serializedVersion: 2
  m_Modification:
    m_TransformParent: {fileID: 996339924042741476}
    m_Modifications:
    - target: {fileID: 9199705083460993675, guid: 670e37c93c6c11c4881bc1d679da4bc7,
        type: 3}
      propertyPath: m_Name
      value: Enemy_01(Easy) (8)
      objectReference: {fileID: 0}
    - target: {fileID: 9199705083460993684, guid: 670e37c93c6c11c4881bc1d679da4bc7,
        type: 3}
      propertyPath: m_LocalPosition.x
      value: 100
      objectReference: {fileID: 0}
    - target: {fileID: 9199705083460993684, guid: 670e37c93c6c11c4881bc1d679da4bc7,
        type: 3}
      propertyPath: m_LocalPosition.y
      value: 4
      objectReference: {fileID: 0}
    - target: {fileID: 9199705083460993684, guid: 670e37c93c6c11c4881bc1d679da4bc7,
        type: 3}
      propertyPath: m_LocalPosition.z
      value: 0
      objectReference: {fileID: 0}
    - target: {fileID: 9199705083460993684, guid: 670e37c93c6c11c4881bc1d679da4bc7,
        type: 3}
      propertyPath: m_LocalRotation.x
      value: 0
      objectReference: {fileID: 0}
    - target: {fileID: 9199705083460993684, guid: 670e37c93c6c11c4881bc1d679da4bc7,
        type: 3}
      propertyPath: m_LocalRotation.y
      value: 0
      objectReference: {fileID: 0}
    - target: {fileID: 9199705083460993684, guid: 670e37c93c6c11c4881bc1d679da4bc7,
        type: 3}
      propertyPath: m_LocalRotation.z
      value: 0
      objectReference: {fileID: 0}
    - target: {fileID: 9199705083460993684, guid: 670e37c93c6c11c4881bc1d679da4bc7,
        type: 3}
      propertyPath: m_LocalRotation.w
      value: 1
      objectReference: {fileID: 0}
    - target: {fileID: 9199705083460993684, guid: 670e37c93c6c11c4881bc1d679da4bc7,
        type: 3}
      propertyPath: m_RootOrder
      value: 8
      objectReference: {fileID: 0}
    - target: {fileID: 9199705083460993684, guid: 670e37c93c6c11c4881bc1d679da4bc7,
        type: 3}
      propertyPath: m_LocalEulerAnglesHint.x
      value: 0
      objectReference: {fileID: 0}
    - target: {fileID: 9199705083460993684, guid: 670e37c93c6c11c4881bc1d679da4bc7,
        type: 3}
      propertyPath: m_LocalEulerAnglesHint.y
      value: 0
      objectReference: {fileID: 0}
    - target: {fileID: 9199705083460993684, guid: 670e37c93c6c11c4881bc1d679da4bc7,
        type: 3}
      propertyPath: m_LocalEulerAnglesHint.z
      value: 0
      objectReference: {fileID: 0}
    - target: {fileID: 9199705083460993685, guid: 670e37c93c6c11c4881bc1d679da4bc7,
        type: 3}
      propertyPath: findDistance
      value: 800
      objectReference: {fileID: 0}
    m_RemovedComponents: []
  m_SourcePrefab: {fileID: 100100000, guid: 670e37c93c6c11c4881bc1d679da4bc7, type: 3}
--- !u!4 &8248447074860293255 stripped
Transform:
  m_CorrespondingSourceObject: {fileID: 9199705083460993684, guid: 670e37c93c6c11c4881bc1d679da4bc7,
    type: 3}
  m_PrefabInstance: {fileID: 996339923095395859}
  m_PrefabAsset: {fileID: 0}
--- !u!1001 &996339923364665465
PrefabInstance:
  m_ObjectHideFlags: 0
  serializedVersion: 2
  m_Modification:
    m_TransformParent: {fileID: 996339924042741476}
    m_Modifications:
    - target: {fileID: 9199705083460993675, guid: 670e37c93c6c11c4881bc1d679da4bc7,
        type: 3}
      propertyPath: m_Name
      value: Enemy_01(Easy) (3)
      objectReference: {fileID: 0}
    - target: {fileID: 9199705083460993684, guid: 670e37c93c6c11c4881bc1d679da4bc7,
        type: 3}
      propertyPath: m_LocalPosition.x
      value: -80
      objectReference: {fileID: 0}
    - target: {fileID: 9199705083460993684, guid: 670e37c93c6c11c4881bc1d679da4bc7,
        type: 3}
      propertyPath: m_LocalPosition.y
      value: 3
      objectReference: {fileID: 0}
    - target: {fileID: 9199705083460993684, guid: 670e37c93c6c11c4881bc1d679da4bc7,
        type: 3}
      propertyPath: m_LocalPosition.z
      value: 10
      objectReference: {fileID: 0}
    - target: {fileID: 9199705083460993684, guid: 670e37c93c6c11c4881bc1d679da4bc7,
        type: 3}
      propertyPath: m_LocalRotation.x
      value: 0
      objectReference: {fileID: 0}
    - target: {fileID: 9199705083460993684, guid: 670e37c93c6c11c4881bc1d679da4bc7,
        type: 3}
      propertyPath: m_LocalRotation.y
      value: 0
      objectReference: {fileID: 0}
    - target: {fileID: 9199705083460993684, guid: 670e37c93c6c11c4881bc1d679da4bc7,
        type: 3}
      propertyPath: m_LocalRotation.z
      value: 0
      objectReference: {fileID: 0}
    - target: {fileID: 9199705083460993684, guid: 670e37c93c6c11c4881bc1d679da4bc7,
        type: 3}
      propertyPath: m_LocalRotation.w
      value: 1
      objectReference: {fileID: 0}
    - target: {fileID: 9199705083460993684, guid: 670e37c93c6c11c4881bc1d679da4bc7,
        type: 3}
      propertyPath: m_RootOrder
      value: 3
      objectReference: {fileID: 0}
    - target: {fileID: 9199705083460993684, guid: 670e37c93c6c11c4881bc1d679da4bc7,
        type: 3}
      propertyPath: m_LocalEulerAnglesHint.x
      value: 0
      objectReference: {fileID: 0}
    - target: {fileID: 9199705083460993684, guid: 670e37c93c6c11c4881bc1d679da4bc7,
        type: 3}
      propertyPath: m_LocalEulerAnglesHint.y
      value: 0
      objectReference: {fileID: 0}
    - target: {fileID: 9199705083460993684, guid: 670e37c93c6c11c4881bc1d679da4bc7,
        type: 3}
      propertyPath: m_LocalEulerAnglesHint.z
      value: 0
      objectReference: {fileID: 0}
    - target: {fileID: 9199705083460993685, guid: 670e37c93c6c11c4881bc1d679da4bc7,
        type: 3}
      propertyPath: findDistance
      value: 800
      objectReference: {fileID: 0}
    m_RemovedComponents: []
  m_SourcePrefab: {fileID: 100100000, guid: 670e37c93c6c11c4881bc1d679da4bc7, type: 3}
--- !u!4 &8248447075130055405 stripped
Transform:
  m_CorrespondingSourceObject: {fileID: 9199705083460993684, guid: 670e37c93c6c11c4881bc1d679da4bc7,
    type: 3}
  m_PrefabInstance: {fileID: 996339923364665465}
  m_PrefabAsset: {fileID: 0}
--- !u!1001 &996339923714849481
PrefabInstance:
  m_ObjectHideFlags: 0
  serializedVersion: 2
  m_Modification:
    m_TransformParent: {fileID: 996339924042741476}
    m_Modifications:
    - target: {fileID: 9199705083460993675, guid: 670e37c93c6c11c4881bc1d679da4bc7,
        type: 3}
      propertyPath: m_Name
      value: Enemy_01(Easy) (5)
      objectReference: {fileID: 0}
    - target: {fileID: 9199705083460993684, guid: 670e37c93c6c11c4881bc1d679da4bc7,
        type: 3}
      propertyPath: m_LocalPosition.x
      value: 40
      objectReference: {fileID: 0}
    - target: {fileID: 9199705083460993684, guid: 670e37c93c6c11c4881bc1d679da4bc7,
        type: 3}
      propertyPath: m_LocalPosition.y
      value: 1
      objectReference: {fileID: 0}
    - target: {fileID: 9199705083460993684, guid: 670e37c93c6c11c4881bc1d679da4bc7,
        type: 3}
      propertyPath: m_LocalPosition.z
      value: 30
      objectReference: {fileID: 0}
    - target: {fileID: 9199705083460993684, guid: 670e37c93c6c11c4881bc1d679da4bc7,
        type: 3}
      propertyPath: m_LocalRotation.x
      value: -0
      objectReference: {fileID: 0}
    - target: {fileID: 9199705083460993684, guid: 670e37c93c6c11c4881bc1d679da4bc7,
        type: 3}
      propertyPath: m_LocalRotation.y
      value: -0
      objectReference: {fileID: 0}
    - target: {fileID: 9199705083460993684, guid: 670e37c93c6c11c4881bc1d679da4bc7,
        type: 3}
      propertyPath: m_LocalRotation.z
      value: -0
      objectReference: {fileID: 0}
    - target: {fileID: 9199705083460993684, guid: 670e37c93c6c11c4881bc1d679da4bc7,
        type: 3}
      propertyPath: m_LocalRotation.w
      value: 1
      objectReference: {fileID: 0}
    - target: {fileID: 9199705083460993684, guid: 670e37c93c6c11c4881bc1d679da4bc7,
        type: 3}
      propertyPath: m_RootOrder
      value: 5
      objectReference: {fileID: 0}
    - target: {fileID: 9199705083460993684, guid: 670e37c93c6c11c4881bc1d679da4bc7,
        type: 3}
      propertyPath: m_LocalEulerAnglesHint.x
      value: 0
      objectReference: {fileID: 0}
    - target: {fileID: 9199705083460993684, guid: 670e37c93c6c11c4881bc1d679da4bc7,
        type: 3}
      propertyPath: m_LocalEulerAnglesHint.y
      value: 0
      objectReference: {fileID: 0}
    - target: {fileID: 9199705083460993684, guid: 670e37c93c6c11c4881bc1d679da4bc7,
        type: 3}
      propertyPath: m_LocalEulerAnglesHint.z
      value: 0
      objectReference: {fileID: 0}
    - target: {fileID: 9199705083460993685, guid: 670e37c93c6c11c4881bc1d679da4bc7,
        type: 3}
      propertyPath: findDistance
      value: 800
      objectReference: {fileID: 0}
    m_RemovedComponents: []
  m_SourcePrefab: {fileID: 100100000, guid: 670e37c93c6c11c4881bc1d679da4bc7, type: 3}
--- !u!4 &8248447075547379805 stripped
Transform:
  m_CorrespondingSourceObject: {fileID: 9199705083460993684, guid: 670e37c93c6c11c4881bc1d679da4bc7,
    type: 3}
  m_PrefabInstance: {fileID: 996339923714849481}
  m_PrefabAsset: {fileID: 0}
--- !u!1001 &996339923717160865
PrefabInstance:
  m_ObjectHideFlags: 0
  serializedVersion: 2
  m_Modification:
    m_TransformParent: {fileID: 996339924042741476}
    m_Modifications:
    - target: {fileID: 9199705083460993675, guid: 670e37c93c6c11c4881bc1d679da4bc7,
        type: 3}
      propertyPath: m_Name
      value: Enemy_01(Easy) (1)
      objectReference: {fileID: 0}
    - target: {fileID: 9199705083460993684, guid: 670e37c93c6c11c4881bc1d679da4bc7,
        type: 3}
      propertyPath: m_LocalPosition.x
      value: -40
      objectReference: {fileID: 0}
    - target: {fileID: 9199705083460993684, guid: 670e37c93c6c11c4881bc1d679da4bc7,
        type: 3}
      propertyPath: m_LocalPosition.y
      value: 1
      objectReference: {fileID: 0}
    - target: {fileID: 9199705083460993684, guid: 670e37c93c6c11c4881bc1d679da4bc7,
        type: 3}
      propertyPath: m_LocalPosition.z
      value: 30
      objectReference: {fileID: 0}
    - target: {fileID: 9199705083460993684, guid: 670e37c93c6c11c4881bc1d679da4bc7,
        type: 3}
      propertyPath: m_LocalRotation.x
      value: -0
      objectReference: {fileID: 0}
    - target: {fileID: 9199705083460993684, guid: 670e37c93c6c11c4881bc1d679da4bc7,
        type: 3}
      propertyPath: m_LocalRotation.y
      value: -0
      objectReference: {fileID: 0}
    - target: {fileID: 9199705083460993684, guid: 670e37c93c6c11c4881bc1d679da4bc7,
        type: 3}
      propertyPath: m_LocalRotation.z
      value: -0
      objectReference: {fileID: 0}
    - target: {fileID: 9199705083460993684, guid: 670e37c93c6c11c4881bc1d679da4bc7,
        type: 3}
      propertyPath: m_LocalRotation.w
      value: 1
      objectReference: {fileID: 0}
    - target: {fileID: 9199705083460993684, guid: 670e37c93c6c11c4881bc1d679da4bc7,
        type: 3}
      propertyPath: m_RootOrder
      value: 1
      objectReference: {fileID: 0}
    - target: {fileID: 9199705083460993684, guid: 670e37c93c6c11c4881bc1d679da4bc7,
        type: 3}
      propertyPath: m_LocalEulerAnglesHint.x
      value: 0
      objectReference: {fileID: 0}
    - target: {fileID: 9199705083460993684, guid: 670e37c93c6c11c4881bc1d679da4bc7,
        type: 3}
      propertyPath: m_LocalEulerAnglesHint.y
      value: 0
      objectReference: {fileID: 0}
    - target: {fileID: 9199705083460993684, guid: 670e37c93c6c11c4881bc1d679da4bc7,
        type: 3}
      propertyPath: m_LocalEulerAnglesHint.z
      value: 0
      objectReference: {fileID: 0}
    - target: {fileID: 9199705083460993685, guid: 670e37c93c6c11c4881bc1d679da4bc7,
        type: 3}
      propertyPath: findDistance
      value: 800
      objectReference: {fileID: 0}
    m_RemovedComponents: []
  m_SourcePrefab: {fileID: 100100000, guid: 670e37c93c6c11c4881bc1d679da4bc7, type: 3}
--- !u!4 &8248447075549658421 stripped
Transform:
  m_CorrespondingSourceObject: {fileID: 9199705083460993684, guid: 670e37c93c6c11c4881bc1d679da4bc7,
    type: 3}
  m_PrefabInstance: {fileID: 996339923717160865}
  m_PrefabAsset: {fileID: 0}
--- !u!1001 &996339923725314497
PrefabInstance:
  m_ObjectHideFlags: 0
  serializedVersion: 2
  m_Modification:
    m_TransformParent: {fileID: 996339924042741476}
    m_Modifications:
    - target: {fileID: 9199705083460993675, guid: 670e37c93c6c11c4881bc1d679da4bc7,
        type: 3}
      propertyPath: m_Name
      value: Enemy_01(Easy) (4)
      objectReference: {fileID: 0}
    - target: {fileID: 9199705083460993684, guid: 670e37c93c6c11c4881bc1d679da4bc7,
        type: 3}
      propertyPath: m_LocalPosition.x
      value: -100
      objectReference: {fileID: 0}
    - target: {fileID: 9199705083460993684, guid: 670e37c93c6c11c4881bc1d679da4bc7,
        type: 3}
      propertyPath: m_LocalPosition.y
      value: 4
      objectReference: {fileID: 0}
    - target: {fileID: 9199705083460993684, guid: 670e37c93c6c11c4881bc1d679da4bc7,
        type: 3}
      propertyPath: m_LocalPosition.z
      value: 0
      objectReference: {fileID: 0}
    - target: {fileID: 9199705083460993684, guid: 670e37c93c6c11c4881bc1d679da4bc7,
        type: 3}
      propertyPath: m_LocalRotation.x
      value: 0
      objectReference: {fileID: 0}
    - target: {fileID: 9199705083460993684, guid: 670e37c93c6c11c4881bc1d679da4bc7,
        type: 3}
      propertyPath: m_LocalRotation.y
      value: 0
      objectReference: {fileID: 0}
    - target: {fileID: 9199705083460993684, guid: 670e37c93c6c11c4881bc1d679da4bc7,
        type: 3}
      propertyPath: m_LocalRotation.z
      value: 0
      objectReference: {fileID: 0}
    - target: {fileID: 9199705083460993684, guid: 670e37c93c6c11c4881bc1d679da4bc7,
        type: 3}
      propertyPath: m_LocalRotation.w
      value: 1
      objectReference: {fileID: 0}
    - target: {fileID: 9199705083460993684, guid: 670e37c93c6c11c4881bc1d679da4bc7,
        type: 3}
      propertyPath: m_RootOrder
      value: 4
      objectReference: {fileID: 0}
    - target: {fileID: 9199705083460993684, guid: 670e37c93c6c11c4881bc1d679da4bc7,
        type: 3}
      propertyPath: m_LocalEulerAnglesHint.x
      value: 0
      objectReference: {fileID: 0}
    - target: {fileID: 9199705083460993684, guid: 670e37c93c6c11c4881bc1d679da4bc7,
        type: 3}
      propertyPath: m_LocalEulerAnglesHint.y
      value: 0
      objectReference: {fileID: 0}
    - target: {fileID: 9199705083460993684, guid: 670e37c93c6c11c4881bc1d679da4bc7,
        type: 3}
      propertyPath: m_LocalEulerAnglesHint.z
      value: 0
      objectReference: {fileID: 0}
    - target: {fileID: 9199705083460993685, guid: 670e37c93c6c11c4881bc1d679da4bc7,
        type: 3}
      propertyPath: findDistance
      value: 800
      objectReference: {fileID: 0}
    m_RemovedComponents: []
  m_SourcePrefab: {fileID: 100100000, guid: 670e37c93c6c11c4881bc1d679da4bc7, type: 3}
--- !u!4 &8248447075556240213 stripped
Transform:
  m_CorrespondingSourceObject: {fileID: 9199705083460993684, guid: 670e37c93c6c11c4881bc1d679da4bc7,
    type: 3}
  m_PrefabInstance: {fileID: 996339923725314497}
  m_PrefabAsset: {fileID: 0}
--- !u!1001 &996339923945700301
PrefabInstance:
  m_ObjectHideFlags: 0
  serializedVersion: 2
  m_Modification:
    m_TransformParent: {fileID: 996339924042741476}
    m_Modifications:
    - target: {fileID: 9199705083460993675, guid: 670e37c93c6c11c4881bc1d679da4bc7,
        type: 3}
      propertyPath: m_Name
      value: Enemy_01(Easy)
      objectReference: {fileID: 0}
    - target: {fileID: 9199705083460993684, guid: 670e37c93c6c11c4881bc1d679da4bc7,
        type: 3}
      propertyPath: m_LocalPosition.x
      value: 20
      objectReference: {fileID: 0}
    - target: {fileID: 9199705083460993684, guid: 670e37c93c6c11c4881bc1d679da4bc7,
        type: 3}
      propertyPath: m_LocalPosition.y
      value: 0
      objectReference: {fileID: 0}
    - target: {fileID: 9199705083460993684, guid: 670e37c93c6c11c4881bc1d679da4bc7,
        type: 3}
      propertyPath: m_LocalPosition.z
      value: 40
      objectReference: {fileID: 0}
    - target: {fileID: 9199705083460993684, guid: 670e37c93c6c11c4881bc1d679da4bc7,
        type: 3}
      propertyPath: m_LocalRotation.x
      value: -0
      objectReference: {fileID: 0}
    - target: {fileID: 9199705083460993684, guid: 670e37c93c6c11c4881bc1d679da4bc7,
        type: 3}
      propertyPath: m_LocalRotation.y
      value: -0
      objectReference: {fileID: 0}
    - target: {fileID: 9199705083460993684, guid: 670e37c93c6c11c4881bc1d679da4bc7,
        type: 3}
      propertyPath: m_LocalRotation.z
      value: -0
      objectReference: {fileID: 0}
    - target: {fileID: 9199705083460993684, guid: 670e37c93c6c11c4881bc1d679da4bc7,
        type: 3}
      propertyPath: m_LocalRotation.w
      value: 1
      objectReference: {fileID: 0}
    - target: {fileID: 9199705083460993684, guid: 670e37c93c6c11c4881bc1d679da4bc7,
        type: 3}
      propertyPath: m_RootOrder
      value: 0
      objectReference: {fileID: 0}
    - target: {fileID: 9199705083460993684, guid: 670e37c93c6c11c4881bc1d679da4bc7,
        type: 3}
      propertyPath: m_LocalEulerAnglesHint.x
      value: 0
      objectReference: {fileID: 0}
    - target: {fileID: 9199705083460993684, guid: 670e37c93c6c11c4881bc1d679da4bc7,
        type: 3}
      propertyPath: m_LocalEulerAnglesHint.y
      value: 0
      objectReference: {fileID: 0}
    - target: {fileID: 9199705083460993684, guid: 670e37c93c6c11c4881bc1d679da4bc7,
        type: 3}
      propertyPath: m_LocalEulerAnglesHint.z
      value: 0
      objectReference: {fileID: 0}
    - target: {fileID: 9199705083460993685, guid: 670e37c93c6c11c4881bc1d679da4bc7,
        type: 3}
      propertyPath: findDistance
      value: 800
      objectReference: {fileID: 0}
    m_RemovedComponents: []
  m_SourcePrefab: {fileID: 100100000, guid: 670e37c93c6c11c4881bc1d679da4bc7, type: 3}
--- !u!4 &8248447075711121753 stripped
Transform:
  m_CorrespondingSourceObject: {fileID: 9199705083460993684, guid: 670e37c93c6c11c4881bc1d679da4bc7,
    type: 3}
  m_PrefabInstance: {fileID: 996339923945700301}
  m_PrefabAsset: {fileID: 0}
--- !u!1001 &996339924581795664
PrefabInstance:
  m_ObjectHideFlags: 0
  serializedVersion: 2
  m_Modification:
    m_TransformParent: {fileID: 996339924042741476}
    m_Modifications:
    - target: {fileID: 9199705083460993675, guid: 670e37c93c6c11c4881bc1d679da4bc7,
        type: 3}
      propertyPath: m_Name
      value: Enemy_01(Easy) (2)
      objectReference: {fileID: 0}
    - target: {fileID: 9199705083460993684, guid: 670e37c93c6c11c4881bc1d679da4bc7,
        type: 3}
      propertyPath: m_LocalPosition.x
      value: -60
      objectReference: {fileID: 0}
    - target: {fileID: 9199705083460993684, guid: 670e37c93c6c11c4881bc1d679da4bc7,
        type: 3}
      propertyPath: m_LocalPosition.y
      value: 2
      objectReference: {fileID: 0}
    - target: {fileID: 9199705083460993684, guid: 670e37c93c6c11c4881bc1d679da4bc7,
        type: 3}
      propertyPath: m_LocalPosition.z
      value: 20
      objectReference: {fileID: 0}
    - target: {fileID: 9199705083460993684, guid: 670e37c93c6c11c4881bc1d679da4bc7,
        type: 3}
      propertyPath: m_LocalRotation.x
      value: 0
      objectReference: {fileID: 0}
    - target: {fileID: 9199705083460993684, guid: 670e37c93c6c11c4881bc1d679da4bc7,
        type: 3}
      propertyPath: m_LocalRotation.y
      value: 0
      objectReference: {fileID: 0}
    - target: {fileID: 9199705083460993684, guid: 670e37c93c6c11c4881bc1d679da4bc7,
        type: 3}
      propertyPath: m_LocalRotation.z
      value: 0
      objectReference: {fileID: 0}
    - target: {fileID: 9199705083460993684, guid: 670e37c93c6c11c4881bc1d679da4bc7,
        type: 3}
      propertyPath: m_LocalRotation.w
      value: 1
      objectReference: {fileID: 0}
    - target: {fileID: 9199705083460993684, guid: 670e37c93c6c11c4881bc1d679da4bc7,
        type: 3}
      propertyPath: m_RootOrder
      value: 2
      objectReference: {fileID: 0}
    - target: {fileID: 9199705083460993684, guid: 670e37c93c6c11c4881bc1d679da4bc7,
        type: 3}
      propertyPath: m_LocalEulerAnglesHint.x
      value: 0
      objectReference: {fileID: 0}
    - target: {fileID: 9199705083460993684, guid: 670e37c93c6c11c4881bc1d679da4bc7,
        type: 3}
      propertyPath: m_LocalEulerAnglesHint.y
      value: 0
      objectReference: {fileID: 0}
    - target: {fileID: 9199705083460993684, guid: 670e37c93c6c11c4881bc1d679da4bc7,
        type: 3}
      propertyPath: m_LocalEulerAnglesHint.z
      value: 0
      objectReference: {fileID: 0}
    - target: {fileID: 9199705083460993685, guid: 670e37c93c6c11c4881bc1d679da4bc7,
        type: 3}
      propertyPath: findDistance
      value: 800
      objectReference: {fileID: 0}
    m_RemovedComponents: []
  m_SourcePrefab: {fileID: 100100000, guid: 670e37c93c6c11c4881bc1d679da4bc7, type: 3}
--- !u!4 &8248447076412720580 stripped
Transform:
  m_CorrespondingSourceObject: {fileID: 9199705083460993684, guid: 670e37c93c6c11c4881bc1d679da4bc7,
    type: 3}
  m_PrefabInstance: {fileID: 996339924581795664}
  m_PrefabAsset: {fileID: 0}
--- !u!1001 &996339924700151341
PrefabInstance:
  m_ObjectHideFlags: 0
  serializedVersion: 2
  m_Modification:
    m_TransformParent: {fileID: 996339924042741476}
    m_Modifications:
    - target: {fileID: 9199705083460993675, guid: 670e37c93c6c11c4881bc1d679da4bc7,
        type: 3}
      propertyPath: m_Name
      value: Enemy_01(Easy) (14)
      objectReference: {fileID: 0}
    - target: {fileID: 9199705083460993684, guid: 670e37c93c6c11c4881bc1d679da4bc7,
        type: 3}
      propertyPath: m_LocalPosition.x
      value: -20
      objectReference: {fileID: 0}
    - target: {fileID: 9199705083460993684, guid: 670e37c93c6c11c4881bc1d679da4bc7,
        type: 3}
      propertyPath: m_LocalPosition.y
      value: 0
      objectReference: {fileID: 0}
    - target: {fileID: 9199705083460993684, guid: 670e37c93c6c11c4881bc1d679da4bc7,
        type: 3}
      propertyPath: m_LocalPosition.z
      value: 40
      objectReference: {fileID: 0}
    - target: {fileID: 9199705083460993684, guid: 670e37c93c6c11c4881bc1d679da4bc7,
        type: 3}
      propertyPath: m_LocalRotation.x
      value: -0
      objectReference: {fileID: 0}
    - target: {fileID: 9199705083460993684, guid: 670e37c93c6c11c4881bc1d679da4bc7,
        type: 3}
      propertyPath: m_LocalRotation.y
      value: -0
      objectReference: {fileID: 0}
    - target: {fileID: 9199705083460993684, guid: 670e37c93c6c11c4881bc1d679da4bc7,
        type: 3}
      propertyPath: m_LocalRotation.z
      value: -0
      objectReference: {fileID: 0}
    - target: {fileID: 9199705083460993684, guid: 670e37c93c6c11c4881bc1d679da4bc7,
        type: 3}
      propertyPath: m_LocalRotation.w
      value: 1
      objectReference: {fileID: 0}
    - target: {fileID: 9199705083460993684, guid: 670e37c93c6c11c4881bc1d679da4bc7,
        type: 3}
      propertyPath: m_RootOrder
      value: 9
      objectReference: {fileID: 0}
    - target: {fileID: 9199705083460993684, guid: 670e37c93c6c11c4881bc1d679da4bc7,
        type: 3}
      propertyPath: m_LocalEulerAnglesHint.x
      value: 0
      objectReference: {fileID: 0}
    - target: {fileID: 9199705083460993684, guid: 670e37c93c6c11c4881bc1d679da4bc7,
        type: 3}
      propertyPath: m_LocalEulerAnglesHint.y
      value: 0
      objectReference: {fileID: 0}
    - target: {fileID: 9199705083460993684, guid: 670e37c93c6c11c4881bc1d679da4bc7,
        type: 3}
      propertyPath: m_LocalEulerAnglesHint.z
      value: 0
      objectReference: {fileID: 0}
    - target: {fileID: 9199705083460993685, guid: 670e37c93c6c11c4881bc1d679da4bc7,
        type: 3}
      propertyPath: findDistance
      value: 800
      objectReference: {fileID: 0}
    m_RemovedComponents: []
  m_SourcePrefab: {fileID: 100100000, guid: 670e37c93c6c11c4881bc1d679da4bc7, type: 3}
--- !u!4 &8248447076464524473 stripped
Transform:
  m_CorrespondingSourceObject: {fileID: 9199705083460993684, guid: 670e37c93c6c11c4881bc1d679da4bc7,
    type: 3}
  m_PrefabInstance: {fileID: 996339924700151341}
  m_PrefabAsset: {fileID: 0}
--- !u!1001 &996339924740367688
PrefabInstance:
  m_ObjectHideFlags: 0
  serializedVersion: 2
  m_Modification:
    m_TransformParent: {fileID: 996339924042741476}
    m_Modifications:
    - target: {fileID: 9199705083460993675, guid: 670e37c93c6c11c4881bc1d679da4bc7,
        type: 3}
      propertyPath: m_Name
      value: Enemy_01(Easy) (6)
      objectReference: {fileID: 0}
    - target: {fileID: 9199705083460993684, guid: 670e37c93c6c11c4881bc1d679da4bc7,
        type: 3}
      propertyPath: m_LocalPosition.x
      value: 60
      objectReference: {fileID: 0}
    - target: {fileID: 9199705083460993684, guid: 670e37c93c6c11c4881bc1d679da4bc7,
        type: 3}
      propertyPath: m_LocalPosition.y
      value: 2
      objectReference: {fileID: 0}
    - target: {fileID: 9199705083460993684, guid: 670e37c93c6c11c4881bc1d679da4bc7,
        type: 3}
      propertyPath: m_LocalPosition.z
      value: 20
      objectReference: {fileID: 0}
    - target: {fileID: 9199705083460993684, guid: 670e37c93c6c11c4881bc1d679da4bc7,
        type: 3}
      propertyPath: m_LocalRotation.x
      value: 0
      objectReference: {fileID: 0}
    - target: {fileID: 9199705083460993684, guid: 670e37c93c6c11c4881bc1d679da4bc7,
        type: 3}
      propertyPath: m_LocalRotation.y
      value: 0
      objectReference: {fileID: 0}
    - target: {fileID: 9199705083460993684, guid: 670e37c93c6c11c4881bc1d679da4bc7,
        type: 3}
      propertyPath: m_LocalRotation.z
      value: 0
      objectReference: {fileID: 0}
    - target: {fileID: 9199705083460993684, guid: 670e37c93c6c11c4881bc1d679da4bc7,
        type: 3}
      propertyPath: m_LocalRotation.w
      value: 1
      objectReference: {fileID: 0}
    - target: {fileID: 9199705083460993684, guid: 670e37c93c6c11c4881bc1d679da4bc7,
        type: 3}
      propertyPath: m_RootOrder
      value: 6
      objectReference: {fileID: 0}
    - target: {fileID: 9199705083460993684, guid: 670e37c93c6c11c4881bc1d679da4bc7,
        type: 3}
      propertyPath: m_LocalEulerAnglesHint.x
      value: 0
      objectReference: {fileID: 0}
    - target: {fileID: 9199705083460993684, guid: 670e37c93c6c11c4881bc1d679da4bc7,
        type: 3}
      propertyPath: m_LocalEulerAnglesHint.y
      value: 0
      objectReference: {fileID: 0}
    - target: {fileID: 9199705083460993684, guid: 670e37c93c6c11c4881bc1d679da4bc7,
        type: 3}
      propertyPath: m_LocalEulerAnglesHint.z
      value: 0
      objectReference: {fileID: 0}
    - target: {fileID: 9199705083460993685, guid: 670e37c93c6c11c4881bc1d679da4bc7,
        type: 3}
      propertyPath: findDistance
      value: 800
      objectReference: {fileID: 0}
    m_RemovedComponents: []
  m_SourcePrefab: {fileID: 100100000, guid: 670e37c93c6c11c4881bc1d679da4bc7, type: 3}
--- !u!4 &8248447076572866524 stripped
Transform:
  m_CorrespondingSourceObject: {fileID: 9199705083460993684, guid: 670e37c93c6c11c4881bc1d679da4bc7,
    type: 3}
  m_PrefabInstance: {fileID: 996339924740367688}
  m_PrefabAsset: {fileID: 0}
