%YAML 1.1
%TAG !u! tag:unity3d.com,2011:
--- !u!1 &996339924042741499
GameObject:
  m_ObjectHideFlags: 0
  m_CorrespondingSourceObject: {fileID: 0}
  m_PrefabInstance: {fileID: 0}
  m_PrefabAsset: {fileID: 0}
  serializedVersion: 6
  m_Component:
  - component: {fileID: 996339924042741476}
  - component: {fileID: 1101832826101347622}
  m_Layer: 0
  m_Name: Wave10
  m_TagString: Untagged
  m_Icon: {fileID: 0}
  m_NavMeshLayer: 0
  m_StaticEditorFlags: 0
  m_IsActive: 1
--- !u!4 &996339924042741476
Transform:
  m_ObjectHideFlags: 0
  m_CorrespondingSourceObject: {fileID: 0}
  m_PrefabInstance: {fileID: 0}
  m_PrefabAsset: {fileID: 0}
  m_GameObject: {fileID: 996339924042741499}
  m_LocalRotation: {x: 0, y: 0, z: 0, w: 1}
  m_LocalPosition: {x: 0, y: 0, z: 0}
  m_LocalScale: {x: 1, y: 1, z: 1}
  m_Children:
  - {fileID: 6589371552552159908}
  - {fileID: 8228875550879150432}
  - {fileID: 1827003507007161212}
  - {fileID: 3315323193411140626}
  - {fileID: 1877277592372953815}
  - {fileID: 7243811326773076800}
  m_Father: {fileID: 0}
  m_RootOrder: 0
  m_LocalEulerAnglesHint: {x: 0, y: 0, z: 0}
--- !u!114 &1101832826101347622
MonoBehaviour:
  m_ObjectHideFlags: 0
  m_CorrespondingSourceObject: {fileID: 0}
  m_PrefabInstance: {fileID: 0}
  m_PrefabAsset: {fileID: 0}
  m_GameObject: {fileID: 996339924042741499}
  m_Enabled: 1
  m_EditorHideFlags: 0
  m_Script: {fileID: 11500000, guid: 83976063d55421b48a32a7279980517b, type: 3}
  m_Name: 
  m_EditorClassIdentifier: 
--- !u!1001 &979882284695958516
PrefabInstance:
  m_ObjectHideFlags: 0
  serializedVersion: 2
  m_Modification:
    m_TransformParent: {fileID: 996339924042741476}
    m_Modifications:
    - target: {fileID: 9199705083460993675, guid: 18f8e0a84fc446f42a2a808f6299401e,
        type: 3}
      propertyPath: m_Name
      value: Enemy_01(Hard) (1)
      objectReference: {fileID: 0}
    - target: {fileID: 9199705083460993684, guid: 18f8e0a84fc446f42a2a808f6299401e,
        type: 3}
      propertyPath: m_LocalPosition.x
      value: 80
      objectReference: {fileID: 0}
    - target: {fileID: 9199705083460993684, guid: 18f8e0a84fc446f42a2a808f6299401e,
        type: 3}
      propertyPath: m_LocalPosition.y
      value: 0
      objectReference: {fileID: 0}
    - target: {fileID: 9199705083460993684, guid: 18f8e0a84fc446f42a2a808f6299401e,
        type: 3}
      propertyPath: m_LocalPosition.z
      value: -40
      objectReference: {fileID: 0}
    - target: {fileID: 9199705083460993684, guid: 18f8e0a84fc446f42a2a808f6299401e,
        type: 3}
      propertyPath: m_LocalRotation.x
      value: 0
      objectReference: {fileID: 0}
    - target: {fileID: 9199705083460993684, guid: 18f8e0a84fc446f42a2a808f6299401e,
        type: 3}
      propertyPath: m_LocalRotation.y
      value: 0
      objectReference: {fileID: 0}
    - target: {fileID: 9199705083460993684, guid: 18f8e0a84fc446f42a2a808f6299401e,
        type: 3}
      propertyPath: m_LocalRotation.z
      value: 0
      objectReference: {fileID: 0}
    - target: {fileID: 9199705083460993684, guid: 18f8e0a84fc446f42a2a808f6299401e,
        type: 3}
      propertyPath: m_LocalRotation.w
      value: 1
      objectReference: {fileID: 0}
    - target: {fileID: 9199705083460993684, guid: 18f8e0a84fc446f42a2a808f6299401e,
        type: 3}
      propertyPath: m_RootOrder
      value: 1
      objectReference: {fileID: 0}
    - target: {fileID: 9199705083460993684, guid: 18f8e0a84fc446f42a2a808f6299401e,
        type: 3}
      propertyPath: m_LocalEulerAnglesHint.x
      value: 0
      objectReference: {fileID: 0}
    - target: {fileID: 9199705083460993684, guid: 18f8e0a84fc446f42a2a808f6299401e,
        type: 3}
      propertyPath: m_LocalEulerAnglesHint.y
      value: 0
      objectReference: {fileID: 0}
    - target: {fileID: 9199705083460993684, guid: 18f8e0a84fc446f42a2a808f6299401e,
        type: 3}
      propertyPath: m_LocalEulerAnglesHint.z
      value: 0
      objectReference: {fileID: 0}
    m_RemovedComponents: []
  m_SourcePrefab: {fileID: 100100000, guid: 18f8e0a84fc446f42a2a808f6299401e, type: 3}
--- !u!4 &8228875550879150432 stripped
Transform:
  m_CorrespondingSourceObject: {fileID: 9199705083460993684, guid: 18f8e0a84fc446f42a2a808f6299401e,
    type: 3}
  m_PrefabInstance: {fileID: 979882284695958516}
  m_PrefabAsset: {fileID: 0}
--- !u!1001 &1958180790006112724
PrefabInstance:
  m_ObjectHideFlags: 0
  serializedVersion: 2
  m_Modification:
    m_TransformParent: {fileID: 996339924042741476}
    m_Modifications:
    - target: {fileID: 9199705083460993675, guid: 18f8e0a84fc446f42a2a808f6299401e,
        type: 3}
      propertyPath: m_Name
      value: Enemy_01(Hard) (5)
      objectReference: {fileID: 0}
    - target: {fileID: 9199705083460993684, guid: 18f8e0a84fc446f42a2a808f6299401e,
        type: 3}
      propertyPath: m_LocalPosition.x
      value: 0
      objectReference: {fileID: 0}
    - target: {fileID: 9199705083460993684, guid: 18f8e0a84fc446f42a2a808f6299401e,
        type: 3}
      propertyPath: m_LocalPosition.y
      value: 20
      objectReference: {fileID: 0}
    - target: {fileID: 9199705083460993684, guid: 18f8e0a84fc446f42a2a808f6299401e,
        type: 3}
      propertyPath: m_LocalPosition.z
      value: -40
      objectReference: {fileID: 0}
    - target: {fileID: 9199705083460993684, guid: 18f8e0a84fc446f42a2a808f6299401e,
        type: 3}
      propertyPath: m_LocalRotation.x
      value: 0
      objectReference: {fileID: 0}
    - target: {fileID: 9199705083460993684, guid: 18f8e0a84fc446f42a2a808f6299401e,
        type: 3}
      propertyPath: m_LocalRotation.y
      value: 0
      objectReference: {fileID: 0}
    - target: {fileID: 9199705083460993684, guid: 18f8e0a84fc446f42a2a808f6299401e,
        type: 3}
      propertyPath: m_LocalRotation.z
      value: 0
      objectReference: {fileID: 0}
    - target: {fileID: 9199705083460993684, guid: 18f8e0a84fc446f42a2a808f6299401e,
        type: 3}
      propertyPath: m_LocalRotation.w
      value: 1
      objectReference: {fileID: 0}
    - target: {fileID: 9199705083460993684, guid: 18f8e0a84fc446f42a2a808f6299401e,
        type: 3}
      propertyPath: m_RootOrder
      value: 5
      objectReference: {fileID: 0}
    - target: {fileID: 9199705083460993684, guid: 18f8e0a84fc446f42a2a808f6299401e,
        type: 3}
      propertyPath: m_LocalEulerAnglesHint.x
      value: 0
      objectReference: {fileID: 0}
    - target: {fileID: 9199705083460993684, guid: 18f8e0a84fc446f42a2a808f6299401e,
        type: 3}
      propertyPath: m_LocalEulerAnglesHint.y
      value: 0
      objectReference: {fileID: 0}
    - target: {fileID: 9199705083460993684, guid: 18f8e0a84fc446f42a2a808f6299401e,
        type: 3}
      propertyPath: m_LocalEulerAnglesHint.z
      value: 0
      objectReference: {fileID: 0}
    m_RemovedComponents: []
  m_SourcePrefab: {fileID: 100100000, guid: 18f8e0a84fc446f42a2a808f6299401e, type: 3}
--- !u!4 &7243811326773076800 stripped
Transform:
  m_CorrespondingSourceObject: {fileID: 9199705083460993684, guid: 18f8e0a84fc446f42a2a808f6299401e,
    type: 3}
  m_PrefabInstance: {fileID: 1958180790006112724}
  m_PrefabAsset: {fileID: 0}
--- !u!1001 &2655379455834572848
PrefabInstance:
  m_ObjectHideFlags: 0
  serializedVersion: 2
  m_Modification:
    m_TransformParent: {fileID: 996339924042741476}
    m_Modifications:
    - target: {fileID: 9199705083460993675, guid: 18f8e0a84fc446f42a2a808f6299401e,
        type: 3}
      propertyPath: m_Name
      value: Enemy_01(Hard)
      objectReference: {fileID: 0}
    - target: {fileID: 9199705083460993684, guid: 18f8e0a84fc446f42a2a808f6299401e,
        type: 3}
      propertyPath: m_LocalPosition.x
      value: -80
      objectReference: {fileID: 0}
    - target: {fileID: 9199705083460993684, guid: 18f8e0a84fc446f42a2a808f6299401e,
        type: 3}
      propertyPath: m_LocalPosition.y
      value: 0
      objectReference: {fileID: 0}
    - target: {fileID: 9199705083460993684, guid: 18f8e0a84fc446f42a2a808f6299401e,
        type: 3}
      propertyPath: m_LocalPosition.z
      value: -40
      objectReference: {fileID: 0}
    - target: {fileID: 9199705083460993684, guid: 18f8e0a84fc446f42a2a808f6299401e,
        type: 3}
      propertyPath: m_LocalRotation.x
      value: 0
      objectReference: {fileID: 0}
    - target: {fileID: 9199705083460993684, guid: 18f8e0a84fc446f42a2a808f6299401e,
        type: 3}
      propertyPath: m_LocalRotation.y
      value: 0
      objectReference: {fileID: 0}
    - target: {fileID: 9199705083460993684, guid: 18f8e0a84fc446f42a2a808f6299401e,
        type: 3}
      propertyPath: m_LocalRotation.z
      value: 0
      objectReference: {fileID: 0}
    - target: {fileID: 9199705083460993684, guid: 18f8e0a84fc446f42a2a808f6299401e,
        type: 3}
      propertyPath: m_LocalRotation.w
      value: 1
      objectReference: {fileID: 0}
    - target: {fileID: 9199705083460993684, guid: 18f8e0a84fc446f42a2a808f6299401e,
        type: 3}
      propertyPath: m_RootOrder
      value: 0
      objectReference: {fileID: 0}
    - target: {fileID: 9199705083460993684, guid: 18f8e0a84fc446f42a2a808f6299401e,
        type: 3}
      propertyPath: m_LocalEulerAnglesHint.x
      value: 0
      objectReference: {fileID: 0}
    - target: {fileID: 9199705083460993684, guid: 18f8e0a84fc446f42a2a808f6299401e,
        type: 3}
      propertyPath: m_LocalEulerAnglesHint.y
      value: 0
      objectReference: {fileID: 0}
    - target: {fileID: 9199705083460993684, guid: 18f8e0a84fc446f42a2a808f6299401e,
        type: 3}
      propertyPath: m_LocalEulerAnglesHint.z
      value: 0
      objectReference: {fileID: 0}
    m_RemovedComponents: []
  m_SourcePrefab: {fileID: 100100000, guid: 18f8e0a84fc446f42a2a808f6299401e, type: 3}
--- !u!4 &6589371552552159908 stripped
Transform:
  m_CorrespondingSourceObject: {fileID: 9199705083460993684, guid: 18f8e0a84fc446f42a2a808f6299401e,
    type: 3}
  m_PrefabInstance: {fileID: 2655379455834572848}
  m_PrefabAsset: {fileID: 0}
--- !u!1001 &5884392619176246918
PrefabInstance:
  m_ObjectHideFlags: 0
  serializedVersion: 2
  m_Modification:
    m_TransformParent: {fileID: 996339924042741476}
    m_Modifications:
    - target: {fileID: 9199705083460993675, guid: 18f8e0a84fc446f42a2a808f6299401e,
        type: 3}
      propertyPath: m_Name
      value: Enemy_01(Hard) (3)
      objectReference: {fileID: 0}
    - target: {fileID: 9199705083460993684, guid: 18f8e0a84fc446f42a2a808f6299401e,
        type: 3}
      propertyPath: m_LocalPosition.x
      value: 40
      objectReference: {fileID: 0}
    - target: {fileID: 9199705083460993684, guid: 18f8e0a84fc446f42a2a808f6299401e,
        type: 3}
      propertyPath: m_LocalPosition.y
      value: 0
      objectReference: {fileID: 0}
    - target: {fileID: 9199705083460993684, guid: 18f8e0a84fc446f42a2a808f6299401e,
        type: 3}
      propertyPath: m_LocalPosition.z
      value: -20
      objectReference: {fileID: 0}
    - target: {fileID: 9199705083460993684, guid: 18f8e0a84fc446f42a2a808f6299401e,
        type: 3}
      propertyPath: m_LocalRotation.x
      value: 0
      objectReference: {fileID: 0}
    - target: {fileID: 9199705083460993684, guid: 18f8e0a84fc446f42a2a808f6299401e,
        type: 3}
      propertyPath: m_LocalRotation.y
      value: 0
      objectReference: {fileID: 0}
    - target: {fileID: 9199705083460993684, guid: 18f8e0a84fc446f42a2a808f6299401e,
        type: 3}
      propertyPath: m_LocalRotation.z
      value: 0
      objectReference: {fileID: 0}
    - target: {fileID: 9199705083460993684, guid: 18f8e0a84fc446f42a2a808f6299401e,
        type: 3}
      propertyPath: m_LocalRotation.w
      value: 1
      objectReference: {fileID: 0}
    - target: {fileID: 9199705083460993684, guid: 18f8e0a84fc446f42a2a808f6299401e,
        type: 3}
      propertyPath: m_RootOrder
      value: 3
      objectReference: {fileID: 0}
    - target: {fileID: 9199705083460993684, guid: 18f8e0a84fc446f42a2a808f6299401e,
        type: 3}
      propertyPath: m_LocalEulerAnglesHint.x
      value: 0
      objectReference: {fileID: 0}
    - target: {fileID: 9199705083460993684, guid: 18f8e0a84fc446f42a2a808f6299401e,
        type: 3}
      propertyPath: m_LocalEulerAnglesHint.y
      value: 0
      objectReference: {fileID: 0}
    - target: {fileID: 9199705083460993684, guid: 18f8e0a84fc446f42a2a808f6299401e,
        type: 3}
      propertyPath: m_LocalEulerAnglesHint.z
      value: 0
      objectReference: {fileID: 0}
    m_RemovedComponents: []
  m_SourcePrefab: {fileID: 100100000, guid: 18f8e0a84fc446f42a2a808f6299401e, type: 3}
--- !u!4 &3315323193411140626 stripped
Transform:
  m_CorrespondingSourceObject: {fileID: 9199705083460993684, guid: 18f8e0a84fc446f42a2a808f6299401e,
    type: 3}
  m_PrefabInstance: {fileID: 5884392619176246918}
  m_PrefabAsset: {fileID: 0}
--- !u!1001 &7324688139748671555
PrefabInstance:
  m_ObjectHideFlags: 0
  serializedVersion: 2
  m_Modification:
    m_TransformParent: {fileID: 996339924042741476}
    m_Modifications:
    - target: {fileID: 9199705083460993675, guid: 18f8e0a84fc446f42a2a808f6299401e,
        type: 3}
      propertyPath: m_Name
      value: Enemy_01(Hard) (4)
      objectReference: {fileID: 0}
    - target: {fileID: 9199705083460993684, guid: 18f8e0a84fc446f42a2a808f6299401e,
        type: 3}
      propertyPath: m_LocalPosition.x
      value: 0
      objectReference: {fileID: 0}
    - target: {fileID: 9199705083460993684, guid: 18f8e0a84fc446f42a2a808f6299401e,
        type: 3}
      propertyPath: m_LocalPosition.y
      value: 0
      objectReference: {fileID: 0}
    - target: {fileID: 9199705083460993684, guid: 18f8e0a84fc446f42a2a808f6299401e,
        type: 3}
      propertyPath: m_LocalPosition.z
      value: 0
      objectReference: {fileID: 0}
    - target: {fileID: 9199705083460993684, guid: 18f8e0a84fc446f42a2a808f6299401e,
        type: 3}
      propertyPath: m_LocalRotation.x
      value: 0
      objectReference: {fileID: 0}
    - target: {fileID: 9199705083460993684, guid: 18f8e0a84fc446f42a2a808f6299401e,
        type: 3}
      propertyPath: m_LocalRotation.y
      value: 0
      objectReference: {fileID: 0}
    - target: {fileID: 9199705083460993684, guid: 18f8e0a84fc446f42a2a808f6299401e,
        type: 3}
      propertyPath: m_LocalRotation.z
      value: 0
      objectReference: {fileID: 0}
    - target: {fileID: 9199705083460993684, guid: 18f8e0a84fc446f42a2a808f6299401e,
        type: 3}
      propertyPath: m_LocalRotation.w
      value: 1
      objectReference: {fileID: 0}
    - target: {fileID: 9199705083460993684, guid: 18f8e0a84fc446f42a2a808f6299401e,
        type: 3}
      propertyPath: m_RootOrder
      value: 4
      objectReference: {fileID: 0}
    - target: {fileID: 9199705083460993684, guid: 18f8e0a84fc446f42a2a808f6299401e,
        type: 3}
      propertyPath: m_LocalEulerAnglesHint.x
      value: 0
      objectReference: {fileID: 0}
    - target: {fileID: 9199705083460993684, guid: 18f8e0a84fc446f42a2a808f6299401e,
        type: 3}
      propertyPath: m_LocalEulerAnglesHint.y
      value: 0
      objectReference: {fileID: 0}
    - target: {fileID: 9199705083460993684, guid: 18f8e0a84fc446f42a2a808f6299401e,
        type: 3}
      propertyPath: m_LocalEulerAnglesHint.z
      value: 0
      objectReference: {fileID: 0}
    m_RemovedComponents: []
  m_SourcePrefab: {fileID: 100100000, guid: 18f8e0a84fc446f42a2a808f6299401e, type: 3}
--- !u!4 &1877277592372953815 stripped
Transform:
  m_CorrespondingSourceObject: {fileID: 9199705083460993684, guid: 18f8e0a84fc446f42a2a808f6299401e,
    type: 3}
  m_PrefabInstance: {fileID: 7324688139748671555}
  m_PrefabAsset: {fileID: 0}
--- !u!1001 &7417772778457285096
PrefabInstance:
  m_ObjectHideFlags: 0
  serializedVersion: 2
  m_Modification:
    m_TransformParent: {fileID: 996339924042741476}
    m_Modifications:
    - target: {fileID: 9199705083460993675, guid: 18f8e0a84fc446f42a2a808f6299401e,
        type: 3}
      propertyPath: m_Name
      value: Enemy_01(Hard) (2)
      objectReference: {fileID: 0}
    - target: {fileID: 9199705083460993684, guid: 18f8e0a84fc446f42a2a808f6299401e,
        type: 3}
      propertyPath: m_LocalPosition.x
      value: -40
      objectReference: {fileID: 0}
    - target: {fileID: 9199705083460993684, guid: 18f8e0a84fc446f42a2a808f6299401e,
        type: 3}
      propertyPath: m_LocalPosition.y
      value: 0
      objectReference: {fileID: 0}
    - target: {fileID: 9199705083460993684, guid: 18f8e0a84fc446f42a2a808f6299401e,
        type: 3}
      propertyPath: m_LocalPosition.z
      value: -20
      objectReference: {fileID: 0}
    - target: {fileID: 9199705083460993684, guid: 18f8e0a84fc446f42a2a808f6299401e,
        type: 3}
      propertyPath: m_LocalRotation.x
      value: 0
      objectReference: {fileID: 0}
    - target: {fileID: 9199705083460993684, guid: 18f8e0a84fc446f42a2a808f6299401e,
        type: 3}
      propertyPath: m_LocalRotation.y
      value: 0
      objectReference: {fileID: 0}
    - target: {fileID: 9199705083460993684, guid: 18f8e0a84fc446f42a2a808f6299401e,
        type: 3}
      propertyPath: m_LocalRotation.z
      value: 0
      objectReference: {fileID: 0}
    - target: {fileID: 9199705083460993684, guid: 18f8e0a84fc446f42a2a808f6299401e,
        type: 3}
      propertyPath: m_LocalRotation.w
      value: 1
      objectReference: {fileID: 0}
    - target: {fileID: 9199705083460993684, guid: 18f8e0a84fc446f42a2a808f6299401e,
        type: 3}
      propertyPath: m_RootOrder
      value: 2
      objectReference: {fileID: 0}
    - target: {fileID: 9199705083460993684, guid: 18f8e0a84fc446f42a2a808f6299401e,
        type: 3}
      propertyPath: m_LocalEulerAnglesHint.x
      value: 0
      objectReference: {fileID: 0}
    - target: {fileID: 9199705083460993684, guid: 18f8e0a84fc446f42a2a808f6299401e,
        type: 3}
      propertyPath: m_LocalEulerAnglesHint.y
      value: 0
      objectReference: {fileID: 0}
    - target: {fileID: 9199705083460993684, guid: 18f8e0a84fc446f42a2a808f6299401e,
        type: 3}
      propertyPath: m_LocalEulerAnglesHint.z
      value: 0
      objectReference: {fileID: 0}
    m_RemovedComponents: []
  m_SourcePrefab: {fileID: 100100000, guid: 18f8e0a84fc446f42a2a808f6299401e, type: 3}
--- !u!4 &1827003507007161212 stripped
Transform:
  m_CorrespondingSourceObject: {fileID: 9199705083460993684, guid: 18f8e0a84fc446f42a2a808f6299401e,
    type: 3}
  m_PrefabInstance: {fileID: 7417772778457285096}
  m_PrefabAsset: {fileID: 0}
