%YAML 1.1
%TAG !u! tag:unity3d.com,2011:
--- !u!1 &1440740768286905098
GameObject:
  m_ObjectHideFlags: 0
  m_CorrespondingSourceObject: {fileID: 0}
  m_PrefabInstance: {fileID: 0}
  m_PrefabAsset: {fileID: 0}
  serializedVersion: 6
  m_Component:
  - component: {fileID: 1274387863393982109}
  m_Layer: 0
  m_Name: Wave_7
  m_TagString: Untagged
  m_Icon: {fileID: 0}
  m_NavMeshLayer: 0
  m_StaticEditorFlags: 0
  m_IsActive: 1
--- !u!4 &1274387863393982109
Transform:
  m_ObjectHideFlags: 0
  m_CorrespondingSourceObject: {fileID: 0}
  m_PrefabInstance: {fileID: 0}
  m_PrefabAsset: {fileID: 0}
  m_GameObject: {fileID: 1440740768286905098}
  m_LocalRotation: {x: 0, y: 0, z: 0, w: 1}
  m_LocalPosition: {x: 0, y: 0, z: 0}
  m_LocalScale: {x: 1, y: 1, z: 1}
  m_Children:
  - {fileID: 2135526390501623799}
  - {fileID: 6511082689418380819}
  - {fileID: 3067019540065972405}
  - {fileID: 5872569724007494159}
  - {fileID: 485626215556418627}
  - {fileID: 4255882122976357151}
  - {fileID: 221076859092708086}
  - {fileID: 9128590560656913511}
  - {fileID: 8729156960987875261}
  - {fileID: 6945147405083463726}
  - {fileID: 5706908793411176886}
  - {fileID: 2382067007861554382}
  - {fileID: 1300087375242060530}
  - {fileID: 2931063701314079403}
  - {fileID: 5686406437126934672}
  - {fileID: 1088128379121194202}
  - {fileID: 3334619446560000375}
  - {fileID: 700392877655412088}
  - {fileID: 7210683123394194143}
  - {fileID: 965375692192359462}
  - {fileID: 1887678410852964869}
  - {fileID: 8071869104858730622}
  m_Father: {fileID: 0}
  m_RootOrder: 0
  m_LocalEulerAnglesHint: {x: 0, y: 0, z: 0}
--- !u!1001 &73376698250049267
PrefabInstance:
  m_ObjectHideFlags: 0
  serializedVersion: 2
  m_Modification:
    m_TransformParent: {fileID: 1274387863393982109}
    m_Modifications:
    - target: {fileID: 9199705083460993675, guid: ff451432ac53209439856ef27d9143e5,
        type: 3}
      propertyPath: m_Name
      value: Blimp - Enemy_03 (15)
      objectReference: {fileID: 0}
    - target: {fileID: 9199705083460993684, guid: ff451432ac53209439856ef27d9143e5,
        type: 3}
      propertyPath: m_LocalPosition.x
      value: 436
      objectReference: {fileID: 0}
    - target: {fileID: 9199705083460993684, guid: ff451432ac53209439856ef27d9143e5,
        type: 3}
      propertyPath: m_LocalPosition.y
      value: 5.9
      objectReference: {fileID: 0}
    - target: {fileID: 9199705083460993684, guid: ff451432ac53209439856ef27d9143e5,
        type: 3}
      propertyPath: m_LocalPosition.z
      value: 94
      objectReference: {fileID: 0}
    - target: {fileID: 9199705083460993684, guid: ff451432ac53209439856ef27d9143e5,
        type: 3}
      propertyPath: m_LocalRotation.x
      value: 0
      objectReference: {fileID: 0}
    - target: {fileID: 9199705083460993684, guid: ff451432ac53209439856ef27d9143e5,
        type: 3}
      propertyPath: m_LocalRotation.y
      value: 0
      objectReference: {fileID: 0}
    - target: {fileID: 9199705083460993684, guid: ff451432ac53209439856ef27d9143e5,
        type: 3}
      propertyPath: m_LocalRotation.z
      value: 0
      objectReference: {fileID: 0}
    - target: {fileID: 9199705083460993684, guid: ff451432ac53209439856ef27d9143e5,
        type: 3}
      propertyPath: m_LocalRotation.w
      value: 1
      objectReference: {fileID: 0}
    - target: {fileID: 9199705083460993684, guid: ff451432ac53209439856ef27d9143e5,
        type: 3}
      propertyPath: m_RootOrder
      value: 7
      objectReference: {fileID: 0}
    - target: {fileID: 9199705083460993684, guid: ff451432ac53209439856ef27d9143e5,
        type: 3}
      propertyPath: m_LocalEulerAnglesHint.x
      value: 0
      objectReference: {fileID: 0}
    - target: {fileID: 9199705083460993684, guid: ff451432ac53209439856ef27d9143e5,
        type: 3}
      propertyPath: m_LocalEulerAnglesHint.y
      value: 0
      objectReference: {fileID: 0}
    - target: {fileID: 9199705083460993684, guid: ff451432ac53209439856ef27d9143e5,
        type: 3}
      propertyPath: m_LocalEulerAnglesHint.z
      value: 0
      objectReference: {fileID: 0}
    m_RemovedComponents: []
  m_SourcePrefab: {fileID: 100100000, guid: ff451432ac53209439856ef27d9143e5, type: 3}
--- !u!4 &9128590560656913511 stripped
Transform:
  m_CorrespondingSourceObject: {fileID: 9199705083460993684, guid: ff451432ac53209439856ef27d9143e5,
    type: 3}
  m_PrefabInstance: {fileID: 73376698250049267}
  m_PrefabAsset: {fileID: 0}
--- !u!1001 &472835121968563497
PrefabInstance:
  m_ObjectHideFlags: 0
  serializedVersion: 2
  m_Modification:
    m_TransformParent: {fileID: 1274387863393982109}
    m_Modifications:
    - target: {fileID: 9199705083460993675, guid: ff451432ac53209439856ef27d9143e5,
        type: 3}
      propertyPath: m_Name
      value: Blimp - Enemy_03 (16)
      objectReference: {fileID: 0}
    - target: {fileID: 9199705083460993684, guid: ff451432ac53209439856ef27d9143e5,
        type: 3}
      propertyPath: m_LocalPosition.x
      value: 5
      objectReference: {fileID: 0}
    - target: {fileID: 9199705083460993684, guid: ff451432ac53209439856ef27d9143e5,
        type: 3}
      propertyPath: m_LocalPosition.y
      value: 5.9
      objectReference: {fileID: 0}
    - target: {fileID: 9199705083460993684, guid: ff451432ac53209439856ef27d9143e5,
        type: 3}
      propertyPath: m_LocalPosition.z
      value: 94
      objectReference: {fileID: 0}
    - target: {fileID: 9199705083460993684, guid: ff451432ac53209439856ef27d9143e5,
        type: 3}
      propertyPath: m_LocalRotation.x
      value: 0
      objectReference: {fileID: 0}
    - target: {fileID: 9199705083460993684, guid: ff451432ac53209439856ef27d9143e5,
        type: 3}
      propertyPath: m_LocalRotation.y
      value: 0
      objectReference: {fileID: 0}
    - target: {fileID: 9199705083460993684, guid: ff451432ac53209439856ef27d9143e5,
        type: 3}
      propertyPath: m_LocalRotation.z
      value: 0
      objectReference: {fileID: 0}
    - target: {fileID: 9199705083460993684, guid: ff451432ac53209439856ef27d9143e5,
        type: 3}
      propertyPath: m_LocalRotation.w
      value: 1
      objectReference: {fileID: 0}
    - target: {fileID: 9199705083460993684, guid: ff451432ac53209439856ef27d9143e5,
        type: 3}
      propertyPath: m_RootOrder
      value: 8
      objectReference: {fileID: 0}
    - target: {fileID: 9199705083460993684, guid: ff451432ac53209439856ef27d9143e5,
        type: 3}
      propertyPath: m_LocalEulerAnglesHint.x
      value: 0
      objectReference: {fileID: 0}
    - target: {fileID: 9199705083460993684, guid: ff451432ac53209439856ef27d9143e5,
        type: 3}
      propertyPath: m_LocalEulerAnglesHint.y
      value: 0
      objectReference: {fileID: 0}
    - target: {fileID: 9199705083460993684, guid: ff451432ac53209439856ef27d9143e5,
        type: 3}
      propertyPath: m_LocalEulerAnglesHint.z
      value: 0
      objectReference: {fileID: 0}
    m_RemovedComponents: []
  m_SourcePrefab: {fileID: 100100000, guid: ff451432ac53209439856ef27d9143e5, type: 3}
--- !u!4 &8729156960987875261 stripped
Transform:
  m_CorrespondingSourceObject: {fileID: 9199705083460993684, guid: ff451432ac53209439856ef27d9143e5,
    type: 3}
  m_PrefabInstance: {fileID: 472835121968563497}
  m_PrefabAsset: {fileID: 0}
--- !u!1001 &1130088114916840170
PrefabInstance:
  m_ObjectHideFlags: 0
  serializedVersion: 2
  m_Modification:
    m_TransformParent: {fileID: 1274387863393982109}
    m_Modifications:
    - target: {fileID: 9199705083460993675, guid: f64ad6316eed6954b982a053d785fbfe,
        type: 3}
      propertyPath: m_Name
      value: Ship - Enemy_04 (9)
      objectReference: {fileID: 0}
    - target: {fileID: 9199705083460993684, guid: f64ad6316eed6954b982a053d785fbfe,
        type: 3}
      propertyPath: m_LocalPosition.x
      value: 546
      objectReference: {fileID: 0}
    - target: {fileID: 9199705083460993684, guid: f64ad6316eed6954b982a053d785fbfe,
        type: 3}
      propertyPath: m_LocalPosition.y
      value: 5.9
      objectReference: {fileID: 0}
    - target: {fileID: 9199705083460993684, guid: f64ad6316eed6954b982a053d785fbfe,
        type: 3}
      propertyPath: m_LocalPosition.z
      value: -439
      objectReference: {fileID: 0}
    - target: {fileID: 9199705083460993684, guid: f64ad6316eed6954b982a053d785fbfe,
        type: 3}
      propertyPath: m_LocalRotation.x
      value: 0
      objectReference: {fileID: 0}
    - target: {fileID: 9199705083460993684, guid: f64ad6316eed6954b982a053d785fbfe,
        type: 3}
      propertyPath: m_LocalRotation.y
      value: 0
      objectReference: {fileID: 0}
    - target: {fileID: 9199705083460993684, guid: f64ad6316eed6954b982a053d785fbfe,
        type: 3}
      propertyPath: m_LocalRotation.z
      value: 0
      objectReference: {fileID: 0}
    - target: {fileID: 9199705083460993684, guid: f64ad6316eed6954b982a053d785fbfe,
        type: 3}
      propertyPath: m_LocalRotation.w
      value: 1
      objectReference: {fileID: 0}
    - target: {fileID: 9199705083460993684, guid: f64ad6316eed6954b982a053d785fbfe,
        type: 3}
      propertyPath: m_RootOrder
      value: 21
      objectReference: {fileID: 0}
    - target: {fileID: 9199705083460993684, guid: f64ad6316eed6954b982a053d785fbfe,
        type: 3}
      propertyPath: m_LocalEulerAnglesHint.x
      value: 0
      objectReference: {fileID: 0}
    - target: {fileID: 9199705083460993684, guid: f64ad6316eed6954b982a053d785fbfe,
        type: 3}
      propertyPath: m_LocalEulerAnglesHint.y
      value: 0
      objectReference: {fileID: 0}
    - target: {fileID: 9199705083460993684, guid: f64ad6316eed6954b982a053d785fbfe,
        type: 3}
      propertyPath: m_LocalEulerAnglesHint.z
      value: 0
      objectReference: {fileID: 0}
    m_RemovedComponents: []
  m_SourcePrefab: {fileID: 100100000, guid: f64ad6316eed6954b982a053d785fbfe, type: 3}
--- !u!4 &8071869104858730622 stripped
Transform:
  m_CorrespondingSourceObject: {fileID: 9199705083460993684, guid: f64ad6316eed6954b982a053d785fbfe,
    type: 3}
  m_PrefabInstance: {fileID: 1130088114916840170}
  m_PrefabAsset: {fileID: 0}
--- !u!1001 &1998073284131612747
PrefabInstance:
  m_ObjectHideFlags: 0
  serializedVersion: 2
  m_Modification:
    m_TransformParent: {fileID: 1274387863393982109}
    m_Modifications:
    - target: {fileID: 9199705083460993675, guid: f64ad6316eed6954b982a053d785fbfe,
        type: 3}
      propertyPath: m_Name
      value: Ship - Enemy_04 (6)
      objectReference: {fileID: 0}
    - target: {fileID: 9199705083460993684, guid: f64ad6316eed6954b982a053d785fbfe,
        type: 3}
      propertyPath: m_LocalPosition.x
      value: -319
      objectReference: {fileID: 0}
    - target: {fileID: 9199705083460993684, guid: f64ad6316eed6954b982a053d785fbfe,
        type: 3}
      propertyPath: m_LocalPosition.y
      value: 5.9
      objectReference: {fileID: 0}
    - target: {fileID: 9199705083460993684, guid: f64ad6316eed6954b982a053d785fbfe,
        type: 3}
      propertyPath: m_LocalPosition.z
      value: 123
      objectReference: {fileID: 0}
    - target: {fileID: 9199705083460993684, guid: f64ad6316eed6954b982a053d785fbfe,
        type: 3}
      propertyPath: m_LocalRotation.x
      value: 0
      objectReference: {fileID: 0}
    - target: {fileID: 9199705083460993684, guid: f64ad6316eed6954b982a053d785fbfe,
        type: 3}
      propertyPath: m_LocalRotation.y
      value: 0
      objectReference: {fileID: 0}
    - target: {fileID: 9199705083460993684, guid: f64ad6316eed6954b982a053d785fbfe,
        type: 3}
      propertyPath: m_LocalRotation.z
      value: 0
      objectReference: {fileID: 0}
    - target: {fileID: 9199705083460993684, guid: f64ad6316eed6954b982a053d785fbfe,
        type: 3}
      propertyPath: m_LocalRotation.w
      value: 1
      objectReference: {fileID: 0}
    - target: {fileID: 9199705083460993684, guid: f64ad6316eed6954b982a053d785fbfe,
        type: 3}
      propertyPath: m_RootOrder
      value: 18
      objectReference: {fileID: 0}
    - target: {fileID: 9199705083460993684, guid: f64ad6316eed6954b982a053d785fbfe,
        type: 3}
      propertyPath: m_LocalEulerAnglesHint.x
      value: 0
      objectReference: {fileID: 0}
    - target: {fileID: 9199705083460993684, guid: f64ad6316eed6954b982a053d785fbfe,
        type: 3}
      propertyPath: m_LocalEulerAnglesHint.y
      value: 0
      objectReference: {fileID: 0}
    - target: {fileID: 9199705083460993684, guid: f64ad6316eed6954b982a053d785fbfe,
        type: 3}
      propertyPath: m_LocalEulerAnglesHint.z
      value: 0
      objectReference: {fileID: 0}
    m_RemovedComponents: []
  m_SourcePrefab: {fileID: 100100000, guid: f64ad6316eed6954b982a053d785fbfe, type: 3}
--- !u!4 &7210683123394194143 stripped
Transform:
  m_CorrespondingSourceObject: {fileID: 9199705083460993684, guid: f64ad6316eed6954b982a053d785fbfe,
    type: 3}
  m_PrefabInstance: {fileID: 1998073284131612747}
  m_PrefabAsset: {fileID: 0}
--- !u!1001 &2290632144612332218
PrefabInstance:
  m_ObjectHideFlags: 0
  serializedVersion: 2
  m_Modification:
    m_TransformParent: {fileID: 1274387863393982109}
    m_Modifications:
    - target: {fileID: 9199705083460993675, guid: ff451432ac53209439856ef27d9143e5,
        type: 3}
      propertyPath: m_Name
      value: Blimp - Enemy_03 (17)
      objectReference: {fileID: 0}
    - target: {fileID: 9199705083460993684, guid: ff451432ac53209439856ef27d9143e5,
        type: 3}
      propertyPath: m_LocalPosition.x
      value: -433
      objectReference: {fileID: 0}
    - target: {fileID: 9199705083460993684, guid: ff451432ac53209439856ef27d9143e5,
        type: 3}
      propertyPath: m_LocalPosition.y
      value: 5.9
      objectReference: {fileID: 0}
    - target: {fileID: 9199705083460993684, guid: ff451432ac53209439856ef27d9143e5,
        type: 3}
      propertyPath: m_LocalPosition.z
      value: 94
      objectReference: {fileID: 0}
    - target: {fileID: 9199705083460993684, guid: ff451432ac53209439856ef27d9143e5,
        type: 3}
      propertyPath: m_LocalRotation.x
      value: 0
      objectReference: {fileID: 0}
    - target: {fileID: 9199705083460993684, guid: ff451432ac53209439856ef27d9143e5,
        type: 3}
      propertyPath: m_LocalRotation.y
      value: 0
      objectReference: {fileID: 0}
    - target: {fileID: 9199705083460993684, guid: ff451432ac53209439856ef27d9143e5,
        type: 3}
      propertyPath: m_LocalRotation.z
      value: 0
      objectReference: {fileID: 0}
    - target: {fileID: 9199705083460993684, guid: ff451432ac53209439856ef27d9143e5,
        type: 3}
      propertyPath: m_LocalRotation.w
      value: 1
      objectReference: {fileID: 0}
    - target: {fileID: 9199705083460993684, guid: ff451432ac53209439856ef27d9143e5,
        type: 3}
      propertyPath: m_RootOrder
      value: 9
      objectReference: {fileID: 0}
    - target: {fileID: 9199705083460993684, guid: ff451432ac53209439856ef27d9143e5,
        type: 3}
      propertyPath: m_LocalEulerAnglesHint.x
      value: 0
      objectReference: {fileID: 0}
    - target: {fileID: 9199705083460993684, guid: ff451432ac53209439856ef27d9143e5,
        type: 3}
      propertyPath: m_LocalEulerAnglesHint.y
      value: 0
      objectReference: {fileID: 0}
    - target: {fileID: 9199705083460993684, guid: ff451432ac53209439856ef27d9143e5,
        type: 3}
      propertyPath: m_LocalEulerAnglesHint.z
      value: 0
      objectReference: {fileID: 0}
    m_RemovedComponents: []
  m_SourcePrefab: {fileID: 100100000, guid: ff451432ac53209439856ef27d9143e5, type: 3}
--- !u!4 &6945147405083463726 stripped
Transform:
  m_CorrespondingSourceObject: {fileID: 9199705083460993684, guid: ff451432ac53209439856ef27d9143e5,
    type: 3}
  m_PrefabInstance: {fileID: 2290632144612332218}
  m_PrefabAsset: {fileID: 0}
--- !u!1001 &2735910649354126471
PrefabInstance:
  m_ObjectHideFlags: 0
  serializedVersion: 2
  m_Modification:
    m_TransformParent: {fileID: 1274387863393982109}
    m_Modifications:
    - target: {fileID: 9199705083460993675, guid: ff451432ac53209439856ef27d9143e5,
        type: 3}
      propertyPath: m_Name
      value: Blimp - Enemy_03 (11)
      objectReference: {fileID: 0}
    - target: {fileID: 9199705083460993684, guid: ff451432ac53209439856ef27d9143e5,
        type: 3}
      propertyPath: m_LocalPosition.x
      value: -221.8
      objectReference: {fileID: 0}
    - target: {fileID: 9199705083460993684, guid: ff451432ac53209439856ef27d9143e5,
        type: 3}
      propertyPath: m_LocalPosition.y
      value: 5.9
      objectReference: {fileID: 0}
    - target: {fileID: 9199705083460993684, guid: ff451432ac53209439856ef27d9143e5,
        type: 3}
      propertyPath: m_LocalPosition.z
      value: 20.1
      objectReference: {fileID: 0}
    - target: {fileID: 9199705083460993684, guid: ff451432ac53209439856ef27d9143e5,
        type: 3}
      propertyPath: m_LocalRotation.x
      value: 0
      objectReference: {fileID: 0}
    - target: {fileID: 9199705083460993684, guid: ff451432ac53209439856ef27d9143e5,
        type: 3}
      propertyPath: m_LocalRotation.y
      value: 0
      objectReference: {fileID: 0}
    - target: {fileID: 9199705083460993684, guid: ff451432ac53209439856ef27d9143e5,
        type: 3}
      propertyPath: m_LocalRotation.z
      value: 0
      objectReference: {fileID: 0}
    - target: {fileID: 9199705083460993684, guid: ff451432ac53209439856ef27d9143e5,
        type: 3}
      propertyPath: m_LocalRotation.w
      value: 1
      objectReference: {fileID: 0}
    - target: {fileID: 9199705083460993684, guid: ff451432ac53209439856ef27d9143e5,
        type: 3}
      propertyPath: m_RootOrder
      value: 1
      objectReference: {fileID: 0}
    - target: {fileID: 9199705083460993684, guid: ff451432ac53209439856ef27d9143e5,
        type: 3}
      propertyPath: m_LocalEulerAnglesHint.x
      value: 0
      objectReference: {fileID: 0}
    - target: {fileID: 9199705083460993684, guid: ff451432ac53209439856ef27d9143e5,
        type: 3}
      propertyPath: m_LocalEulerAnglesHint.y
      value: 0
      objectReference: {fileID: 0}
    - target: {fileID: 9199705083460993684, guid: ff451432ac53209439856ef27d9143e5,
        type: 3}
      propertyPath: m_LocalEulerAnglesHint.z
      value: 0
      objectReference: {fileID: 0}
    m_RemovedComponents: []
  m_SourcePrefab: {fileID: 100100000, guid: ff451432ac53209439856ef27d9143e5, type: 3}
--- !u!4 &6511082689418380819 stripped
Transform:
  m_CorrespondingSourceObject: {fileID: 9199705083460993684, guid: ff451432ac53209439856ef27d9143e5,
    type: 3}
  m_PrefabInstance: {fileID: 2735910649354126471}
  m_PrefabAsset: {fileID: 0}
--- !u!1001 &3374431992306364571
PrefabInstance:
  m_ObjectHideFlags: 0
  serializedVersion: 2
  m_Modification:
    m_TransformParent: {fileID: 1274387863393982109}
    m_Modifications:
    - target: {fileID: 9199705083460993675, guid: e726a65ac36c2564791ef72177a93afd,
        type: 3}
      propertyPath: m_Name
      value: Bat - Enemy_02 (21)
      objectReference: {fileID: 0}
    - target: {fileID: 9199705083460993684, guid: e726a65ac36c2564791ef72177a93afd,
        type: 3}
      propertyPath: m_LocalPosition.x
      value: -108.5
      objectReference: {fileID: 0}
    - target: {fileID: 9199705083460993684, guid: e726a65ac36c2564791ef72177a93afd,
        type: 3}
      propertyPath: m_LocalPosition.y
      value: 5.9
      objectReference: {fileID: 0}
    - target: {fileID: 9199705083460993684, guid: e726a65ac36c2564791ef72177a93afd,
        type: 3}
      propertyPath: m_LocalPosition.z
      value: -173.6
      objectReference: {fileID: 0}
    - target: {fileID: 9199705083460993684, guid: e726a65ac36c2564791ef72177a93afd,
        type: 3}
      propertyPath: m_LocalRotation.x
      value: 0
      objectReference: {fileID: 0}
    - target: {fileID: 9199705083460993684, guid: e726a65ac36c2564791ef72177a93afd,
        type: 3}
      propertyPath: m_LocalRotation.y
      value: 0
      objectReference: {fileID: 0}
    - target: {fileID: 9199705083460993684, guid: e726a65ac36c2564791ef72177a93afd,
        type: 3}
      propertyPath: m_LocalRotation.z
      value: 0
      objectReference: {fileID: 0}
    - target: {fileID: 9199705083460993684, guid: e726a65ac36c2564791ef72177a93afd,
        type: 3}
      propertyPath: m_LocalRotation.w
      value: 1
      objectReference: {fileID: 0}
    - target: {fileID: 9199705083460993684, guid: e726a65ac36c2564791ef72177a93afd,
        type: 3}
      propertyPath: m_RootOrder
      value: 3
      objectReference: {fileID: 0}
    - target: {fileID: 9199705083460993684, guid: e726a65ac36c2564791ef72177a93afd,
        type: 3}
      propertyPath: m_LocalEulerAnglesHint.x
      value: 0
      objectReference: {fileID: 0}
    - target: {fileID: 9199705083460993684, guid: e726a65ac36c2564791ef72177a93afd,
        type: 3}
      propertyPath: m_LocalEulerAnglesHint.y
      value: 0
      objectReference: {fileID: 0}
    - target: {fileID: 9199705083460993684, guid: e726a65ac36c2564791ef72177a93afd,
        type: 3}
      propertyPath: m_LocalEulerAnglesHint.z
      value: 0
      objectReference: {fileID: 0}
    m_RemovedComponents: []
  m_SourcePrefab: {fileID: 100100000, guid: e726a65ac36c2564791ef72177a93afd, type: 3}
--- !u!4 &5872569724007494159 stripped
Transform:
  m_CorrespondingSourceObject: {fileID: 9199705083460993684, guid: e726a65ac36c2564791ef72177a93afd,
    type: 3}
  m_PrefabInstance: {fileID: 3374431992306364571}
  m_PrefabAsset: {fileID: 0}
--- !u!1001 &3501804104720567074
PrefabInstance:
  m_ObjectHideFlags: 0
  serializedVersion: 2
  m_Modification:
    m_TransformParent: {fileID: 1274387863393982109}
    m_Modifications:
    - target: {fileID: 9199705083460993675, guid: ff451432ac53209439856ef27d9143e5,
        type: 3}
      propertyPath: m_Name
      value: Blimp - Enemy_03 (18)
      objectReference: {fileID: 0}
    - target: {fileID: 9199705083460993684, guid: ff451432ac53209439856ef27d9143e5,
        type: 3}
      propertyPath: m_LocalPosition.x
      value: -433
      objectReference: {fileID: 0}
    - target: {fileID: 9199705083460993684, guid: ff451432ac53209439856ef27d9143e5,
        type: 3}
      propertyPath: m_LocalPosition.y
      value: 5.9
      objectReference: {fileID: 0}
    - target: {fileID: 9199705083460993684, guid: ff451432ac53209439856ef27d9143e5,
        type: 3}
      propertyPath: m_LocalPosition.z
      value: -157
      objectReference: {fileID: 0}
    - target: {fileID: 9199705083460993684, guid: ff451432ac53209439856ef27d9143e5,
        type: 3}
      propertyPath: m_LocalRotation.x
      value: 0
      objectReference: {fileID: 0}
    - target: {fileID: 9199705083460993684, guid: ff451432ac53209439856ef27d9143e5,
        type: 3}
      propertyPath: m_LocalRotation.y
      value: 0
      objectReference: {fileID: 0}
    - target: {fileID: 9199705083460993684, guid: ff451432ac53209439856ef27d9143e5,
        type: 3}
      propertyPath: m_LocalRotation.z
      value: 0
      objectReference: {fileID: 0}
    - target: {fileID: 9199705083460993684, guid: ff451432ac53209439856ef27d9143e5,
        type: 3}
      propertyPath: m_LocalRotation.w
      value: 1
      objectReference: {fileID: 0}
    - target: {fileID: 9199705083460993684, guid: ff451432ac53209439856ef27d9143e5,
        type: 3}
      propertyPath: m_RootOrder
      value: 10
      objectReference: {fileID: 0}
    - target: {fileID: 9199705083460993684, guid: ff451432ac53209439856ef27d9143e5,
        type: 3}
      propertyPath: m_LocalEulerAnglesHint.x
      value: 0
      objectReference: {fileID: 0}
    - target: {fileID: 9199705083460993684, guid: ff451432ac53209439856ef27d9143e5,
        type: 3}
      propertyPath: m_LocalEulerAnglesHint.y
      value: 0
      objectReference: {fileID: 0}
    - target: {fileID: 9199705083460993684, guid: ff451432ac53209439856ef27d9143e5,
        type: 3}
      propertyPath: m_LocalEulerAnglesHint.z
      value: 0
      objectReference: {fileID: 0}
    m_RemovedComponents: []
  m_SourcePrefab: {fileID: 100100000, guid: ff451432ac53209439856ef27d9143e5, type: 3}
--- !u!4 &5706908793411176886 stripped
Transform:
  m_CorrespondingSourceObject: {fileID: 9199705083460993684, guid: ff451432ac53209439856ef27d9143e5,
    type: 3}
  m_PrefabInstance: {fileID: 3501804104720567074}
  m_PrefabAsset: {fileID: 0}
--- !u!1001 &3549337397659324932
PrefabInstance:
  m_ObjectHideFlags: 0
  serializedVersion: 2
  m_Modification:
    m_TransformParent: {fileID: 1274387863393982109}
    m_Modifications:
    - target: {fileID: 9199705083460993675, guid: f64ad6316eed6954b982a053d785fbfe,
        type: 3}
      propertyPath: m_Name
      value: Ship - Enemy_04 (2)
      objectReference: {fileID: 0}
    - target: {fileID: 9199705083460993684, guid: f64ad6316eed6954b982a053d785fbfe,
        type: 3}
      propertyPath: m_LocalPosition.x
      value: 313
      objectReference: {fileID: 0}
    - target: {fileID: 9199705083460993684, guid: f64ad6316eed6954b982a053d785fbfe,
        type: 3}
      propertyPath: m_LocalPosition.y
      value: 5.9
      objectReference: {fileID: 0}
    - target: {fileID: 9199705083460993684, guid: f64ad6316eed6954b982a053d785fbfe,
        type: 3}
      propertyPath: m_LocalPosition.z
      value: 279
      objectReference: {fileID: 0}
    - target: {fileID: 9199705083460993684, guid: f64ad6316eed6954b982a053d785fbfe,
        type: 3}
      propertyPath: m_LocalRotation.x
      value: 0
      objectReference: {fileID: 0}
    - target: {fileID: 9199705083460993684, guid: f64ad6316eed6954b982a053d785fbfe,
        type: 3}
      propertyPath: m_LocalRotation.y
      value: 0
      objectReference: {fileID: 0}
    - target: {fileID: 9199705083460993684, guid: f64ad6316eed6954b982a053d785fbfe,
        type: 3}
      propertyPath: m_LocalRotation.z
      value: 0
      objectReference: {fileID: 0}
    - target: {fileID: 9199705083460993684, guid: f64ad6316eed6954b982a053d785fbfe,
        type: 3}
      propertyPath: m_LocalRotation.w
      value: 1
      objectReference: {fileID: 0}
    - target: {fileID: 9199705083460993684, guid: f64ad6316eed6954b982a053d785fbfe,
        type: 3}
      propertyPath: m_RootOrder
      value: 14
      objectReference: {fileID: 0}
    - target: {fileID: 9199705083460993684, guid: f64ad6316eed6954b982a053d785fbfe,
        type: 3}
      propertyPath: m_LocalEulerAnglesHint.x
      value: 0
      objectReference: {fileID: 0}
    - target: {fileID: 9199705083460993684, guid: f64ad6316eed6954b982a053d785fbfe,
        type: 3}
      propertyPath: m_LocalEulerAnglesHint.y
      value: 0
      objectReference: {fileID: 0}
    - target: {fileID: 9199705083460993684, guid: f64ad6316eed6954b982a053d785fbfe,
        type: 3}
      propertyPath: m_LocalEulerAnglesHint.z
      value: 0
      objectReference: {fileID: 0}
    m_RemovedComponents: []
  m_SourcePrefab: {fileID: 100100000, guid: f64ad6316eed6954b982a053d785fbfe, type: 3}
--- !u!4 &5686406437126934672 stripped
Transform:
  m_CorrespondingSourceObject: {fileID: 9199705083460993684, guid: f64ad6316eed6954b982a053d785fbfe,
    type: 3}
  m_PrefabInstance: {fileID: 3549337397659324932}
  m_PrefabAsset: {fileID: 0}
--- !u!1001 &4946084020312910219
PrefabInstance:
  m_ObjectHideFlags: 0
  serializedVersion: 2
  m_Modification:
    m_TransformParent: {fileID: 1274387863393982109}
    m_Modifications:
    - target: {fileID: 9199705083460993675, guid: ff451432ac53209439856ef27d9143e5,
        type: 3}
      propertyPath: m_Name
      value: Blimp - Enemy_03 (13)
      objectReference: {fileID: 0}
    - target: {fileID: 9199705083460993684, guid: ff451432ac53209439856ef27d9143e5,
        type: 3}
      propertyPath: m_LocalPosition.x
      value: -13
      objectReference: {fileID: 0}
    - target: {fileID: 9199705083460993684, guid: ff451432ac53209439856ef27d9143e5,
        type: 3}
      propertyPath: m_LocalPosition.y
      value: 5.9
      objectReference: {fileID: 0}
    - target: {fileID: 9199705083460993684, guid: ff451432ac53209439856ef27d9143e5,
        type: 3}
      propertyPath: m_LocalPosition.z
      value: -321
      objectReference: {fileID: 0}
    - target: {fileID: 9199705083460993684, guid: ff451432ac53209439856ef27d9143e5,
        type: 3}
      propertyPath: m_LocalRotation.x
      value: 0
      objectReference: {fileID: 0}
    - target: {fileID: 9199705083460993684, guid: ff451432ac53209439856ef27d9143e5,
        type: 3}
      propertyPath: m_LocalRotation.y
      value: 0
      objectReference: {fileID: 0}
    - target: {fileID: 9199705083460993684, guid: ff451432ac53209439856ef27d9143e5,
        type: 3}
      propertyPath: m_LocalRotation.z
      value: 0
      objectReference: {fileID: 0}
    - target: {fileID: 9199705083460993684, guid: ff451432ac53209439856ef27d9143e5,
        type: 3}
      propertyPath: m_LocalRotation.w
      value: 1
      objectReference: {fileID: 0}
    - target: {fileID: 9199705083460993684, guid: ff451432ac53209439856ef27d9143e5,
        type: 3}
      propertyPath: m_RootOrder
      value: 5
      objectReference: {fileID: 0}
    - target: {fileID: 9199705083460993684, guid: ff451432ac53209439856ef27d9143e5,
        type: 3}
      propertyPath: m_LocalEulerAnglesHint.x
      value: 0
      objectReference: {fileID: 0}
    - target: {fileID: 9199705083460993684, guid: ff451432ac53209439856ef27d9143e5,
        type: 3}
      propertyPath: m_LocalEulerAnglesHint.y
      value: 0
      objectReference: {fileID: 0}
    - target: {fileID: 9199705083460993684, guid: ff451432ac53209439856ef27d9143e5,
        type: 3}
      propertyPath: m_LocalEulerAnglesHint.z
      value: 0
      objectReference: {fileID: 0}
    m_RemovedComponents: []
  m_SourcePrefab: {fileID: 100100000, guid: ff451432ac53209439856ef27d9143e5, type: 3}
--- !u!4 &4255882122976357151 stripped
Transform:
  m_CorrespondingSourceObject: {fileID: 9199705083460993684, guid: ff451432ac53209439856ef27d9143e5,
    type: 3}
  m_PrefabInstance: {fileID: 4946084020312910219}
  m_PrefabAsset: {fileID: 0}
--- !u!1001 &5903402930649549795
PrefabInstance:
  m_ObjectHideFlags: 0
  serializedVersion: 2
  m_Modification:
    m_TransformParent: {fileID: 1274387863393982109}
    m_Modifications:
    - target: {fileID: 9199705083460993675, guid: f64ad6316eed6954b982a053d785fbfe,
        type: 3}
      propertyPath: m_Name
      value: Ship - Enemy_04 (4)
      objectReference: {fileID: 0}
    - target: {fileID: 9199705083460993684, guid: f64ad6316eed6954b982a053d785fbfe,
        type: 3}
      propertyPath: m_LocalPosition.x
      value: -585
      objectReference: {fileID: 0}
    - target: {fileID: 9199705083460993684, guid: f64ad6316eed6954b982a053d785fbfe,
        type: 3}
      propertyPath: m_LocalPosition.y
      value: 5.9
      objectReference: {fileID: 0}
    - target: {fileID: 9199705083460993684, guid: f64ad6316eed6954b982a053d785fbfe,
        type: 3}
      propertyPath: m_LocalPosition.z
      value: 279
      objectReference: {fileID: 0}
    - target: {fileID: 9199705083460993684, guid: f64ad6316eed6954b982a053d785fbfe,
        type: 3}
      propertyPath: m_LocalRotation.x
      value: 0
      objectReference: {fileID: 0}
    - target: {fileID: 9199705083460993684, guid: f64ad6316eed6954b982a053d785fbfe,
        type: 3}
      propertyPath: m_LocalRotation.y
      value: 0
      objectReference: {fileID: 0}
    - target: {fileID: 9199705083460993684, guid: f64ad6316eed6954b982a053d785fbfe,
        type: 3}
      propertyPath: m_LocalRotation.z
      value: 0
      objectReference: {fileID: 0}
    - target: {fileID: 9199705083460993684, guid: f64ad6316eed6954b982a053d785fbfe,
        type: 3}
      propertyPath: m_LocalRotation.w
      value: 1
      objectReference: {fileID: 0}
    - target: {fileID: 9199705083460993684, guid: f64ad6316eed6954b982a053d785fbfe,
        type: 3}
      propertyPath: m_RootOrder
      value: 16
      objectReference: {fileID: 0}
    - target: {fileID: 9199705083460993684, guid: f64ad6316eed6954b982a053d785fbfe,
        type: 3}
      propertyPath: m_LocalEulerAnglesHint.x
      value: 0
      objectReference: {fileID: 0}
    - target: {fileID: 9199705083460993684, guid: f64ad6316eed6954b982a053d785fbfe,
        type: 3}
      propertyPath: m_LocalEulerAnglesHint.y
      value: 0
      objectReference: {fileID: 0}
    - target: {fileID: 9199705083460993684, guid: f64ad6316eed6954b982a053d785fbfe,
        type: 3}
      propertyPath: m_LocalEulerAnglesHint.z
      value: 0
      objectReference: {fileID: 0}
    m_RemovedComponents: []
  m_SourcePrefab: {fileID: 100100000, guid: f64ad6316eed6954b982a053d785fbfe, type: 3}
--- !u!4 &3334619446560000375 stripped
Transform:
  m_CorrespondingSourceObject: {fileID: 9199705083460993684, guid: f64ad6316eed6954b982a053d785fbfe,
    type: 3}
  m_PrefabInstance: {fileID: 5903402930649549795}
  m_PrefabAsset: {fileID: 0}
--- !u!1001 &6141736771326325281
PrefabInstance:
  m_ObjectHideFlags: 0
  serializedVersion: 2
  m_Modification:
    m_TransformParent: {fileID: 1274387863393982109}
    m_Modifications:
    - target: {fileID: 9199705083460993675, guid: e726a65ac36c2564791ef72177a93afd,
        type: 3}
      propertyPath: m_Name
      value: Bat - Enemy_02 (20)
      objectReference: {fileID: 0}
    - target: {fileID: 9199705083460993684, guid: e726a65ac36c2564791ef72177a93afd,
        type: 3}
      propertyPath: m_LocalPosition.x
      value: 364
      objectReference: {fileID: 0}
    - target: {fileID: 9199705083460993684, guid: e726a65ac36c2564791ef72177a93afd,
        type: 3}
      propertyPath: m_LocalPosition.y
      value: 5.9
      objectReference: {fileID: 0}
    - target: {fileID: 9199705083460993684, guid: e726a65ac36c2564791ef72177a93afd,
        type: 3}
      propertyPath: m_LocalPosition.z
      value: -173.6
      objectReference: {fileID: 0}
    - target: {fileID: 9199705083460993684, guid: e726a65ac36c2564791ef72177a93afd,
        type: 3}
      propertyPath: m_LocalRotation.x
      value: 0
      objectReference: {fileID: 0}
    - target: {fileID: 9199705083460993684, guid: e726a65ac36c2564791ef72177a93afd,
        type: 3}
      propertyPath: m_LocalRotation.y
      value: 0
      objectReference: {fileID: 0}
    - target: {fileID: 9199705083460993684, guid: e726a65ac36c2564791ef72177a93afd,
        type: 3}
      propertyPath: m_LocalRotation.z
      value: 0
      objectReference: {fileID: 0}
    - target: {fileID: 9199705083460993684, guid: e726a65ac36c2564791ef72177a93afd,
        type: 3}
      propertyPath: m_LocalRotation.w
      value: 1
      objectReference: {fileID: 0}
    - target: {fileID: 9199705083460993684, guid: e726a65ac36c2564791ef72177a93afd,
        type: 3}
      propertyPath: m_RootOrder
      value: 2
      objectReference: {fileID: 0}
    - target: {fileID: 9199705083460993684, guid: e726a65ac36c2564791ef72177a93afd,
        type: 3}
      propertyPath: m_LocalEulerAnglesHint.x
      value: 0
      objectReference: {fileID: 0}
    - target: {fileID: 9199705083460993684, guid: e726a65ac36c2564791ef72177a93afd,
        type: 3}
      propertyPath: m_LocalEulerAnglesHint.y
      value: 0
      objectReference: {fileID: 0}
    - target: {fileID: 9199705083460993684, guid: e726a65ac36c2564791ef72177a93afd,
        type: 3}
      propertyPath: m_LocalEulerAnglesHint.z
      value: 0
      objectReference: {fileID: 0}
    m_RemovedComponents: []
  m_SourcePrefab: {fileID: 100100000, guid: e726a65ac36c2564791ef72177a93afd, type: 3}
--- !u!4 &3067019540065972405 stripped
Transform:
  m_CorrespondingSourceObject: {fileID: 9199705083460993684, guid: e726a65ac36c2564791ef72177a93afd,
    type: 3}
  m_PrefabInstance: {fileID: 6141736771326325281}
  m_PrefabAsset: {fileID: 0}
--- !u!1001 &6270930291847743551
PrefabInstance:
  m_ObjectHideFlags: 0
  serializedVersion: 2
  m_Modification:
    m_TransformParent: {fileID: 1274387863393982109}
    m_Modifications:
    - target: {fileID: 9199705083460993675, guid: f64ad6316eed6954b982a053d785fbfe,
        type: 3}
      propertyPath: m_Name
      value: Ship - Enemy_04 (1)
      objectReference: {fileID: 0}
    - target: {fileID: 9199705083460993684, guid: f64ad6316eed6954b982a053d785fbfe,
        type: 3}
      propertyPath: m_LocalPosition.x
      value: 0
      objectReference: {fileID: 0}
    - target: {fileID: 9199705083460993684, guid: f64ad6316eed6954b982a053d785fbfe,
        type: 3}
      propertyPath: m_LocalPosition.y
      value: 5.9
      objectReference: {fileID: 0}
    - target: {fileID: 9199705083460993684, guid: f64ad6316eed6954b982a053d785fbfe,
        type: 3}
      propertyPath: m_LocalPosition.z
      value: 279
      objectReference: {fileID: 0}
    - target: {fileID: 9199705083460993684, guid: f64ad6316eed6954b982a053d785fbfe,
        type: 3}
      propertyPath: m_LocalRotation.x
      value: 0
      objectReference: {fileID: 0}
    - target: {fileID: 9199705083460993684, guid: f64ad6316eed6954b982a053d785fbfe,
        type: 3}
      propertyPath: m_LocalRotation.y
      value: 0
      objectReference: {fileID: 0}
    - target: {fileID: 9199705083460993684, guid: f64ad6316eed6954b982a053d785fbfe,
        type: 3}
      propertyPath: m_LocalRotation.z
      value: 0
      objectReference: {fileID: 0}
    - target: {fileID: 9199705083460993684, guid: f64ad6316eed6954b982a053d785fbfe,
        type: 3}
      propertyPath: m_LocalRotation.w
      value: 1
      objectReference: {fileID: 0}
    - target: {fileID: 9199705083460993684, guid: f64ad6316eed6954b982a053d785fbfe,
        type: 3}
      propertyPath: m_RootOrder
      value: 13
      objectReference: {fileID: 0}
    - target: {fileID: 9199705083460993684, guid: f64ad6316eed6954b982a053d785fbfe,
        type: 3}
      propertyPath: m_LocalEulerAnglesHint.x
      value: 0
      objectReference: {fileID: 0}
    - target: {fileID: 9199705083460993684, guid: f64ad6316eed6954b982a053d785fbfe,
        type: 3}
      propertyPath: m_LocalEulerAnglesHint.y
      value: 0
      objectReference: {fileID: 0}
    - target: {fileID: 9199705083460993684, guid: f64ad6316eed6954b982a053d785fbfe,
        type: 3}
      propertyPath: m_LocalEulerAnglesHint.z
      value: 0
      objectReference: {fileID: 0}
    m_RemovedComponents: []
  m_SourcePrefab: {fileID: 100100000, guid: f64ad6316eed6954b982a053d785fbfe, type: 3}
--- !u!4 &2931063701314079403 stripped
Transform:
  m_CorrespondingSourceObject: {fileID: 9199705083460993684, guid: f64ad6316eed6954b982a053d785fbfe,
    type: 3}
  m_PrefabInstance: {fileID: 6270930291847743551}
  m_PrefabAsset: {fileID: 0}
--- !u!1001 &6819899381543583322
PrefabInstance:
  m_ObjectHideFlags: 0
  serializedVersion: 2
  m_Modification:
    m_TransformParent: {fileID: 1274387863393982109}
    m_Modifications:
    - target: {fileID: 9199705083460993675, guid: ff451432ac53209439856ef27d9143e5,
        type: 3}
      propertyPath: m_Name
      value: Blimp - Enemy_03 (19)
      objectReference: {fileID: 0}
    - target: {fileID: 9199705083460993684, guid: ff451432ac53209439856ef27d9143e5,
        type: 3}
      propertyPath: m_LocalPosition.x
      value: -646
      objectReference: {fileID: 0}
    - target: {fileID: 9199705083460993684, guid: ff451432ac53209439856ef27d9143e5,
        type: 3}
      propertyPath: m_LocalPosition.y
      value: 5.9
      objectReference: {fileID: 0}
    - target: {fileID: 9199705083460993684, guid: ff451432ac53209439856ef27d9143e5,
        type: 3}
      propertyPath: m_LocalPosition.z
      value: -157
      objectReference: {fileID: 0}
    - target: {fileID: 9199705083460993684, guid: ff451432ac53209439856ef27d9143e5,
        type: 3}
      propertyPath: m_LocalRotation.x
      value: 0
      objectReference: {fileID: 0}
    - target: {fileID: 9199705083460993684, guid: ff451432ac53209439856ef27d9143e5,
        type: 3}
      propertyPath: m_LocalRotation.y
      value: 0
      objectReference: {fileID: 0}
    - target: {fileID: 9199705083460993684, guid: ff451432ac53209439856ef27d9143e5,
        type: 3}
      propertyPath: m_LocalRotation.z
      value: 0
      objectReference: {fileID: 0}
    - target: {fileID: 9199705083460993684, guid: ff451432ac53209439856ef27d9143e5,
        type: 3}
      propertyPath: m_LocalRotation.w
      value: 1
      objectReference: {fileID: 0}
    - target: {fileID: 9199705083460993684, guid: ff451432ac53209439856ef27d9143e5,
        type: 3}
      propertyPath: m_RootOrder
      value: 11
      objectReference: {fileID: 0}
    - target: {fileID: 9199705083460993684, guid: ff451432ac53209439856ef27d9143e5,
        type: 3}
      propertyPath: m_LocalEulerAnglesHint.x
      value: 0
      objectReference: {fileID: 0}
    - target: {fileID: 9199705083460993684, guid: ff451432ac53209439856ef27d9143e5,
        type: 3}
      propertyPath: m_LocalEulerAnglesHint.y
      value: 0
      objectReference: {fileID: 0}
    - target: {fileID: 9199705083460993684, guid: ff451432ac53209439856ef27d9143e5,
        type: 3}
      propertyPath: m_LocalEulerAnglesHint.z
      value: 0
      objectReference: {fileID: 0}
    m_RemovedComponents: []
  m_SourcePrefab: {fileID: 100100000, guid: ff451432ac53209439856ef27d9143e5, type: 3}
--- !u!4 &2382067007861554382 stripped
Transform:
  m_CorrespondingSourceObject: {fileID: 9199705083460993684, guid: ff451432ac53209439856ef27d9143e5,
    type: 3}
  m_PrefabInstance: {fileID: 6819899381543583322}
  m_PrefabAsset: {fileID: 0}
--- !u!1001 &7064180754822858083
PrefabInstance:
  m_ObjectHideFlags: 0
  serializedVersion: 2
  m_Modification:
    m_TransformParent: {fileID: 1274387863393982109}
    m_Modifications:
    - target: {fileID: 9199705083460993675, guid: ff451432ac53209439856ef27d9143e5,
        type: 3}
      propertyPath: m_Name
      value: Blimp - Enemy_03 (10)
      objectReference: {fileID: 0}
    - target: {fileID: 9199705083460993684, guid: ff451432ac53209439856ef27d9143e5,
        type: 3}
      propertyPath: m_LocalPosition.x
      value: 219.1
      objectReference: {fileID: 0}
    - target: {fileID: 9199705083460993684, guid: ff451432ac53209439856ef27d9143e5,
        type: 3}
      propertyPath: m_LocalPosition.y
      value: 5.9
      objectReference: {fileID: 0}
    - target: {fileID: 9199705083460993684, guid: ff451432ac53209439856ef27d9143e5,
        type: 3}
      propertyPath: m_LocalPosition.z
      value: -12.2
      objectReference: {fileID: 0}
    - target: {fileID: 9199705083460993684, guid: ff451432ac53209439856ef27d9143e5,
        type: 3}
      propertyPath: m_LocalRotation.x
      value: 0
      objectReference: {fileID: 0}
    - target: {fileID: 9199705083460993684, guid: ff451432ac53209439856ef27d9143e5,
        type: 3}
      propertyPath: m_LocalRotation.y
      value: 0
      objectReference: {fileID: 0}
    - target: {fileID: 9199705083460993684, guid: ff451432ac53209439856ef27d9143e5,
        type: 3}
      propertyPath: m_LocalRotation.z
      value: 0
      objectReference: {fileID: 0}
    - target: {fileID: 9199705083460993684, guid: ff451432ac53209439856ef27d9143e5,
        type: 3}
      propertyPath: m_LocalRotation.w
      value: 1
      objectReference: {fileID: 0}
    - target: {fileID: 9199705083460993684, guid: ff451432ac53209439856ef27d9143e5,
        type: 3}
      propertyPath: m_RootOrder
      value: 0
      objectReference: {fileID: 0}
    - target: {fileID: 9199705083460993684, guid: ff451432ac53209439856ef27d9143e5,
        type: 3}
      propertyPath: m_LocalEulerAnglesHint.x
      value: 0
      objectReference: {fileID: 0}
    - target: {fileID: 9199705083460993684, guid: ff451432ac53209439856ef27d9143e5,
        type: 3}
      propertyPath: m_LocalEulerAnglesHint.y
      value: 0
      objectReference: {fileID: 0}
    - target: {fileID: 9199705083460993684, guid: ff451432ac53209439856ef27d9143e5,
        type: 3}
      propertyPath: m_LocalEulerAnglesHint.z
      value: 0
      objectReference: {fileID: 0}
    m_RemovedComponents: []
  m_SourcePrefab: {fileID: 100100000, guid: ff451432ac53209439856ef27d9143e5, type: 3}
--- !u!4 &2135526390501623799 stripped
Transform:
  m_CorrespondingSourceObject: {fileID: 9199705083460993684, guid: ff451432ac53209439856ef27d9143e5,
    type: 3}
  m_PrefabInstance: {fileID: 7064180754822858083}
  m_PrefabAsset: {fileID: 0}
--- !u!1001 &7321035000669591697
PrefabInstance:
  m_ObjectHideFlags: 0
  serializedVersion: 2
  m_Modification:
    m_TransformParent: {fileID: 1274387863393982109}
    m_Modifications:
    - target: {fileID: 9199705083460993675, guid: f64ad6316eed6954b982a053d785fbfe,
        type: 3}
      propertyPath: m_Name
      value: Ship - Enemy_04 (8)
      objectReference: {fileID: 0}
    - target: {fileID: 9199705083460993684, guid: f64ad6316eed6954b982a053d785fbfe,
        type: 3}
      propertyPath: m_LocalPosition.x
      value: 546
      objectReference: {fileID: 0}
    - target: {fileID: 9199705083460993684, guid: f64ad6316eed6954b982a053d785fbfe,
        type: 3}
      propertyPath: m_LocalPosition.y
      value: 5.9
      objectReference: {fileID: 0}
    - target: {fileID: 9199705083460993684, guid: f64ad6316eed6954b982a053d785fbfe,
        type: 3}
      propertyPath: m_LocalPosition.z
      value: -249
      objectReference: {fileID: 0}
    - target: {fileID: 9199705083460993684, guid: f64ad6316eed6954b982a053d785fbfe,
        type: 3}
      propertyPath: m_LocalRotation.x
      value: 0
      objectReference: {fileID: 0}
    - target: {fileID: 9199705083460993684, guid: f64ad6316eed6954b982a053d785fbfe,
        type: 3}
      propertyPath: m_LocalRotation.y
      value: 0
      objectReference: {fileID: 0}
    - target: {fileID: 9199705083460993684, guid: f64ad6316eed6954b982a053d785fbfe,
        type: 3}
      propertyPath: m_LocalRotation.z
      value: 0
      objectReference: {fileID: 0}
    - target: {fileID: 9199705083460993684, guid: f64ad6316eed6954b982a053d785fbfe,
        type: 3}
      propertyPath: m_LocalRotation.w
      value: 1
      objectReference: {fileID: 0}
    - target: {fileID: 9199705083460993684, guid: f64ad6316eed6954b982a053d785fbfe,
        type: 3}
      propertyPath: m_RootOrder
      value: 20
      objectReference: {fileID: 0}
    - target: {fileID: 9199705083460993684, guid: f64ad6316eed6954b982a053d785fbfe,
        type: 3}
      propertyPath: m_LocalEulerAnglesHint.x
      value: 0
      objectReference: {fileID: 0}
    - target: {fileID: 9199705083460993684, guid: f64ad6316eed6954b982a053d785fbfe,
        type: 3}
      propertyPath: m_LocalEulerAnglesHint.y
      value: 0
      objectReference: {fileID: 0}
    - target: {fileID: 9199705083460993684, guid: f64ad6316eed6954b982a053d785fbfe,
        type: 3}
      propertyPath: m_LocalEulerAnglesHint.z
      value: 0
      objectReference: {fileID: 0}
    m_RemovedComponents: []
  m_SourcePrefab: {fileID: 100100000, guid: f64ad6316eed6954b982a053d785fbfe, type: 3}
--- !u!4 &1887678410852964869 stripped
Transform:
  m_CorrespondingSourceObject: {fileID: 9199705083460993684, guid: f64ad6316eed6954b982a053d785fbfe,
    type: 3}
  m_PrefabInstance: {fileID: 7321035000669591697}
  m_PrefabAsset: {fileID: 0}
--- !u!1001 &7899662963224191078
PrefabInstance:
  m_ObjectHideFlags: 0
  serializedVersion: 2
  m_Modification:
    m_TransformParent: {fileID: 1274387863393982109}
    m_Modifications:
    - target: {fileID: 9199705083460993675, guid: f64ad6316eed6954b982a053d785fbfe,
        type: 3}
      propertyPath: m_Name
      value: Ship - Enemy_04
      objectReference: {fileID: 0}
    - target: {fileID: 9199705083460993684, guid: f64ad6316eed6954b982a053d785fbfe,
        type: 3}
      propertyPath: m_LocalPosition.x
      value: 0
      objectReference: {fileID: 0}
    - target: {fileID: 9199705083460993684, guid: f64ad6316eed6954b982a053d785fbfe,
        type: 3}
      propertyPath: m_LocalPosition.y
      value: 5.9
      objectReference: {fileID: 0}
    - target: {fileID: 9199705083460993684, guid: f64ad6316eed6954b982a053d785fbfe,
        type: 3}
      propertyPath: m_LocalPosition.z
      value: 93.4
      objectReference: {fileID: 0}
    - target: {fileID: 9199705083460993684, guid: f64ad6316eed6954b982a053d785fbfe,
        type: 3}
      propertyPath: m_LocalRotation.x
      value: 0
      objectReference: {fileID: 0}
    - target: {fileID: 9199705083460993684, guid: f64ad6316eed6954b982a053d785fbfe,
        type: 3}
      propertyPath: m_LocalRotation.y
      value: 0
      objectReference: {fileID: 0}
    - target: {fileID: 9199705083460993684, guid: f64ad6316eed6954b982a053d785fbfe,
        type: 3}
      propertyPath: m_LocalRotation.z
      value: 0
      objectReference: {fileID: 0}
    - target: {fileID: 9199705083460993684, guid: f64ad6316eed6954b982a053d785fbfe,
        type: 3}
      propertyPath: m_LocalRotation.w
      value: 1
      objectReference: {fileID: 0}
    - target: {fileID: 9199705083460993684, guid: f64ad6316eed6954b982a053d785fbfe,
        type: 3}
      propertyPath: m_RootOrder
      value: 12
      objectReference: {fileID: 0}
    - target: {fileID: 9199705083460993684, guid: f64ad6316eed6954b982a053d785fbfe,
        type: 3}
      propertyPath: m_LocalEulerAnglesHint.x
      value: 0
      objectReference: {fileID: 0}
    - target: {fileID: 9199705083460993684, guid: f64ad6316eed6954b982a053d785fbfe,
        type: 3}
      propertyPath: m_LocalEulerAnglesHint.y
      value: 0
      objectReference: {fileID: 0}
    - target: {fileID: 9199705083460993684, guid: f64ad6316eed6954b982a053d785fbfe,
        type: 3}
      propertyPath: m_LocalEulerAnglesHint.z
      value: 0
      objectReference: {fileID: 0}
    m_RemovedComponents: []
  m_SourcePrefab: {fileID: 100100000, guid: f64ad6316eed6954b982a053d785fbfe, type: 3}
--- !u!4 &1300087375242060530 stripped
Transform:
  m_CorrespondingSourceObject: {fileID: 9199705083460993684, guid: f64ad6316eed6954b982a053d785fbfe,
    type: 3}
  m_PrefabInstance: {fileID: 7899662963224191078}
  m_PrefabAsset: {fileID: 0}
--- !u!1001 &8120594820378269262
PrefabInstance:
  m_ObjectHideFlags: 0
  serializedVersion: 2
  m_Modification:
    m_TransformParent: {fileID: 1274387863393982109}
    m_Modifications:
    - target: {fileID: 9199705083460993675, guid: f64ad6316eed6954b982a053d785fbfe,
        type: 3}
      propertyPath: m_Name
      value: Ship - Enemy_04 (3)
      objectReference: {fileID: 0}
    - target: {fileID: 9199705083460993684, guid: f64ad6316eed6954b982a053d785fbfe,
        type: 3}
      propertyPath: m_LocalPosition.x
      value: -313
      objectReference: {fileID: 0}
    - target: {fileID: 9199705083460993684, guid: f64ad6316eed6954b982a053d785fbfe,
        type: 3}
      propertyPath: m_LocalPosition.y
      value: 5.9
      objectReference: {fileID: 0}
    - target: {fileID: 9199705083460993684, guid: f64ad6316eed6954b982a053d785fbfe,
        type: 3}
      propertyPath: m_LocalPosition.z
      value: 279
      objectReference: {fileID: 0}
    - target: {fileID: 9199705083460993684, guid: f64ad6316eed6954b982a053d785fbfe,
        type: 3}
      propertyPath: m_LocalRotation.x
      value: 0
      objectReference: {fileID: 0}
    - target: {fileID: 9199705083460993684, guid: f64ad6316eed6954b982a053d785fbfe,
        type: 3}
      propertyPath: m_LocalRotation.y
      value: 0
      objectReference: {fileID: 0}
    - target: {fileID: 9199705083460993684, guid: f64ad6316eed6954b982a053d785fbfe,
        type: 3}
      propertyPath: m_LocalRotation.z
      value: 0
      objectReference: {fileID: 0}
    - target: {fileID: 9199705083460993684, guid: f64ad6316eed6954b982a053d785fbfe,
        type: 3}
      propertyPath: m_LocalRotation.w
      value: 1
      objectReference: {fileID: 0}
    - target: {fileID: 9199705083460993684, guid: f64ad6316eed6954b982a053d785fbfe,
        type: 3}
      propertyPath: m_RootOrder
      value: 15
      objectReference: {fileID: 0}
    - target: {fileID: 9199705083460993684, guid: f64ad6316eed6954b982a053d785fbfe,
        type: 3}
      propertyPath: m_LocalEulerAnglesHint.x
      value: 0
      objectReference: {fileID: 0}
    - target: {fileID: 9199705083460993684, guid: f64ad6316eed6954b982a053d785fbfe,
        type: 3}
      propertyPath: m_LocalEulerAnglesHint.y
      value: 0
      objectReference: {fileID: 0}
    - target: {fileID: 9199705083460993684, guid: f64ad6316eed6954b982a053d785fbfe,
        type: 3}
      propertyPath: m_LocalEulerAnglesHint.z
      value: 0
      objectReference: {fileID: 0}
    m_RemovedComponents: []
  m_SourcePrefab: {fileID: 100100000, guid: f64ad6316eed6954b982a053d785fbfe, type: 3}
--- !u!4 &1088128379121194202 stripped
Transform:
  m_CorrespondingSourceObject: {fileID: 9199705083460993684, guid: f64ad6316eed6954b982a053d785fbfe,
    type: 3}
  m_PrefabInstance: {fileID: 8120594820378269262}
  m_PrefabAsset: {fileID: 0}
--- !u!1001 &8272654138414753458
PrefabInstance:
  m_ObjectHideFlags: 0
  serializedVersion: 2
  m_Modification:
    m_TransformParent: {fileID: 1274387863393982109}
    m_Modifications:
    - target: {fileID: 9199705083460993675, guid: f64ad6316eed6954b982a053d785fbfe,
        type: 3}
      propertyPath: m_Name
      value: Ship - Enemy_04 (7)
      objectReference: {fileID: 0}
    - target: {fileID: 9199705083460993684, guid: f64ad6316eed6954b982a053d785fbfe,
        type: 3}
      propertyPath: m_LocalPosition.x
      value: -319
      objectReference: {fileID: 0}
    - target: {fileID: 9199705083460993684, guid: f64ad6316eed6954b982a053d785fbfe,
        type: 3}
      propertyPath: m_LocalPosition.y
      value: 5.9
      objectReference: {fileID: 0}
    - target: {fileID: 9199705083460993684, guid: f64ad6316eed6954b982a053d785fbfe,
        type: 3}
      propertyPath: m_LocalPosition.z
      value: -249
      objectReference: {fileID: 0}
    - target: {fileID: 9199705083460993684, guid: f64ad6316eed6954b982a053d785fbfe,
        type: 3}
      propertyPath: m_LocalRotation.x
      value: 0
      objectReference: {fileID: 0}
    - target: {fileID: 9199705083460993684, guid: f64ad6316eed6954b982a053d785fbfe,
        type: 3}
      propertyPath: m_LocalRotation.y
      value: 0
      objectReference: {fileID: 0}
    - target: {fileID: 9199705083460993684, guid: f64ad6316eed6954b982a053d785fbfe,
        type: 3}
      propertyPath: m_LocalRotation.z
      value: 0
      objectReference: {fileID: 0}
    - target: {fileID: 9199705083460993684, guid: f64ad6316eed6954b982a053d785fbfe,
        type: 3}
      propertyPath: m_LocalRotation.w
      value: 1
      objectReference: {fileID: 0}
    - target: {fileID: 9199705083460993684, guid: f64ad6316eed6954b982a053d785fbfe,
        type: 3}
      propertyPath: m_RootOrder
      value: 19
      objectReference: {fileID: 0}
    - target: {fileID: 9199705083460993684, guid: f64ad6316eed6954b982a053d785fbfe,
        type: 3}
      propertyPath: m_LocalEulerAnglesHint.x
      value: 0
      objectReference: {fileID: 0}
    - target: {fileID: 9199705083460993684, guid: f64ad6316eed6954b982a053d785fbfe,
        type: 3}
      propertyPath: m_LocalEulerAnglesHint.y
      value: 0
      objectReference: {fileID: 0}
    - target: {fileID: 9199705083460993684, guid: f64ad6316eed6954b982a053d785fbfe,
        type: 3}
      propertyPath: m_LocalEulerAnglesHint.z
      value: 0
      objectReference: {fileID: 0}
    m_RemovedComponents: []
  m_SourcePrefab: {fileID: 100100000, guid: f64ad6316eed6954b982a053d785fbfe, type: 3}
--- !u!4 &965375692192359462 stripped
Transform:
  m_CorrespondingSourceObject: {fileID: 9199705083460993684, guid: f64ad6316eed6954b982a053d785fbfe,
    type: 3}
  m_PrefabInstance: {fileID: 8272654138414753458}
  m_PrefabAsset: {fileID: 0}
--- !u!1001 &8508320680726564844
PrefabInstance:
  m_ObjectHideFlags: 0
  serializedVersion: 2
  m_Modification:
    m_TransformParent: {fileID: 1274387863393982109}
    m_Modifications:
    - target: {fileID: 9199705083460993675, guid: f64ad6316eed6954b982a053d785fbfe,
        type: 3}
      propertyPath: m_Name
      value: Ship - Enemy_04 (5)
      objectReference: {fileID: 0}
    - target: {fileID: 9199705083460993684, guid: f64ad6316eed6954b982a053d785fbfe,
        type: 3}
      propertyPath: m_LocalPosition.x
      value: -585
      objectReference: {fileID: 0}
    - target: {fileID: 9199705083460993684, guid: f64ad6316eed6954b982a053d785fbfe,
        type: 3}
      propertyPath: m_LocalPosition.y
      value: 5.9
      objectReference: {fileID: 0}
    - target: {fileID: 9199705083460993684, guid: f64ad6316eed6954b982a053d785fbfe,
        type: 3}
      propertyPath: m_LocalPosition.z
      value: 123
      objectReference: {fileID: 0}
    - target: {fileID: 9199705083460993684, guid: f64ad6316eed6954b982a053d785fbfe,
        type: 3}
      propertyPath: m_LocalRotation.x
      value: 0
      objectReference: {fileID: 0}
    - target: {fileID: 9199705083460993684, guid: f64ad6316eed6954b982a053d785fbfe,
        type: 3}
      propertyPath: m_LocalRotation.y
      value: 0
      objectReference: {fileID: 0}
    - target: {fileID: 9199705083460993684, guid: f64ad6316eed6954b982a053d785fbfe,
        type: 3}
      propertyPath: m_LocalRotation.z
      value: 0
      objectReference: {fileID: 0}
    - target: {fileID: 9199705083460993684, guid: f64ad6316eed6954b982a053d785fbfe,
        type: 3}
      propertyPath: m_LocalRotation.w
      value: 1
      objectReference: {fileID: 0}
    - target: {fileID: 9199705083460993684, guid: f64ad6316eed6954b982a053d785fbfe,
        type: 3}
      propertyPath: m_RootOrder
      value: 17
      objectReference: {fileID: 0}
    - target: {fileID: 9199705083460993684, guid: f64ad6316eed6954b982a053d785fbfe,
        type: 3}
      propertyPath: m_LocalEulerAnglesHint.x
      value: 0
      objectReference: {fileID: 0}
    - target: {fileID: 9199705083460993684, guid: f64ad6316eed6954b982a053d785fbfe,
        type: 3}
      propertyPath: m_LocalEulerAnglesHint.y
      value: 0
      objectReference: {fileID: 0}
    - target: {fileID: 9199705083460993684, guid: f64ad6316eed6954b982a053d785fbfe,
        type: 3}
      propertyPath: m_LocalEulerAnglesHint.z
      value: 0
      objectReference: {fileID: 0}
    m_RemovedComponents: []
  m_SourcePrefab: {fileID: 100100000, guid: f64ad6316eed6954b982a053d785fbfe, type: 3}
--- !u!4 &700392877655412088 stripped
Transform:
  m_CorrespondingSourceObject: {fileID: 9199705083460993684, guid: f64ad6316eed6954b982a053d785fbfe,
    type: 3}
  m_PrefabInstance: {fileID: 8508320680726564844}
  m_PrefabAsset: {fileID: 0}
--- !u!1001 &8725338831925530327
PrefabInstance:
  m_ObjectHideFlags: 0
  serializedVersion: 2
  m_Modification:
    m_TransformParent: {fileID: 1274387863393982109}
    m_Modifications:
    - target: {fileID: 9199705083460993675, guid: ff451432ac53209439856ef27d9143e5,
        type: 3}
      propertyPath: m_Name
      value: Blimp - Enemy_03 (12)
      objectReference: {fileID: 0}
    - target: {fileID: 9199705083460993684, guid: ff451432ac53209439856ef27d9143e5,
        type: 3}
      propertyPath: m_LocalPosition.x
      value: -13
      objectReference: {fileID: 0}
    - target: {fileID: 9199705083460993684, guid: ff451432ac53209439856ef27d9143e5,
        type: 3}
      propertyPath: m_LocalPosition.y
      value: 5.9
      objectReference: {fileID: 0}
    - target: {fileID: 9199705083460993684, guid: ff451432ac53209439856ef27d9143e5,
        type: 3}
      propertyPath: m_LocalPosition.z
      value: 20.1
      objectReference: {fileID: 0}
    - target: {fileID: 9199705083460993684, guid: ff451432ac53209439856ef27d9143e5,
        type: 3}
      propertyPath: m_LocalRotation.x
      value: 0
      objectReference: {fileID: 0}
    - target: {fileID: 9199705083460993684, guid: ff451432ac53209439856ef27d9143e5,
        type: 3}
      propertyPath: m_LocalRotation.y
      value: 0
      objectReference: {fileID: 0}
    - target: {fileID: 9199705083460993684, guid: ff451432ac53209439856ef27d9143e5,
        type: 3}
      propertyPath: m_LocalRotation.z
      value: 0
      objectReference: {fileID: 0}
    - target: {fileID: 9199705083460993684, guid: ff451432ac53209439856ef27d9143e5,
        type: 3}
      propertyPath: m_LocalRotation.w
      value: 1
      objectReference: {fileID: 0}
    - target: {fileID: 9199705083460993684, guid: ff451432ac53209439856ef27d9143e5,
        type: 3}
      propertyPath: m_RootOrder
      value: 4
      objectReference: {fileID: 0}
    - target: {fileID: 9199705083460993684, guid: ff451432ac53209439856ef27d9143e5,
        type: 3}
      propertyPath: m_LocalEulerAnglesHint.x
      value: 0
      objectReference: {fileID: 0}
    - target: {fileID: 9199705083460993684, guid: ff451432ac53209439856ef27d9143e5,
        type: 3}
      propertyPath: m_LocalEulerAnglesHint.y
      value: 0
      objectReference: {fileID: 0}
    - target: {fileID: 9199705083460993684, guid: ff451432ac53209439856ef27d9143e5,
        type: 3}
      propertyPath: m_LocalEulerAnglesHint.z
      value: 0
      objectReference: {fileID: 0}
    m_RemovedComponents: []
  m_SourcePrefab: {fileID: 100100000, guid: ff451432ac53209439856ef27d9143e5, type: 3}
--- !u!4 &485626215556418627 stripped
Transform:
  m_CorrespondingSourceObject: {fileID: 9199705083460993684, guid: ff451432ac53209439856ef27d9143e5,
    type: 3}
  m_PrefabInstance: {fileID: 8725338831925530327}
  m_PrefabAsset: {fileID: 0}
--- !u!1001 &8987644661167024226
PrefabInstance:
  m_ObjectHideFlags: 0
  serializedVersion: 2
  m_Modification:
    m_TransformParent: {fileID: 1274387863393982109}
    m_Modifications:
    - target: {fileID: 9199705083460993675, guid: ff451432ac53209439856ef27d9143e5,
        type: 3}
      propertyPath: m_Name
      value: Blimp - Enemy_03 (14)
      objectReference: {fileID: 0}
    - target: {fileID: 9199705083460993684, guid: ff451432ac53209439856ef27d9143e5,
        type: 3}
      propertyPath: m_LocalPosition.x
      value: 436
      objectReference: {fileID: 0}
    - target: {fileID: 9199705083460993684, guid: ff451432ac53209439856ef27d9143e5,
        type: 3}
      propertyPath: m_LocalPosition.y
      value: 5.9
      objectReference: {fileID: 0}
    - target: {fileID: 9199705083460993684, guid: ff451432ac53209439856ef27d9143e5,
        type: 3}
      propertyPath: m_LocalPosition.z
      value: -321
      objectReference: {fileID: 0}
    - target: {fileID: 9199705083460993684, guid: ff451432ac53209439856ef27d9143e5,
        type: 3}
      propertyPath: m_LocalRotation.x
      value: 0
      objectReference: {fileID: 0}
    - target: {fileID: 9199705083460993684, guid: ff451432ac53209439856ef27d9143e5,
        type: 3}
      propertyPath: m_LocalRotation.y
      value: 0
      objectReference: {fileID: 0}
    - target: {fileID: 9199705083460993684, guid: ff451432ac53209439856ef27d9143e5,
        type: 3}
      propertyPath: m_LocalRotation.z
      value: 0
      objectReference: {fileID: 0}
    - target: {fileID: 9199705083460993684, guid: ff451432ac53209439856ef27d9143e5,
        type: 3}
      propertyPath: m_LocalRotation.w
      value: 1
      objectReference: {fileID: 0}
    - target: {fileID: 9199705083460993684, guid: ff451432ac53209439856ef27d9143e5,
        type: 3}
      propertyPath: m_RootOrder
      value: 6
      objectReference: {fileID: 0}
    - target: {fileID: 9199705083460993684, guid: ff451432ac53209439856ef27d9143e5,
        type: 3}
      propertyPath: m_LocalEulerAnglesHint.x
      value: 0
      objectReference: {fileID: 0}
    - target: {fileID: 9199705083460993684, guid: ff451432ac53209439856ef27d9143e5,
        type: 3}
      propertyPath: m_LocalEulerAnglesHint.y
      value: 0
      objectReference: {fileID: 0}
    - target: {fileID: 9199705083460993684, guid: ff451432ac53209439856ef27d9143e5,
        type: 3}
      propertyPath: m_LocalEulerAnglesHint.z
      value: 0
      objectReference: {fileID: 0}
    m_RemovedComponents: []
  m_SourcePrefab: {fileID: 100100000, guid: ff451432ac53209439856ef27d9143e5, type: 3}
--- !u!4 &221076859092708086 stripped
Transform:
  m_CorrespondingSourceObject: {fileID: 9199705083460993684, guid: ff451432ac53209439856ef27d9143e5,
    type: 3}
  m_PrefabInstance: {fileID: 8987644661167024226}
  m_PrefabAsset: {fileID: 0}
